2634 4478
190 273 234 325 DE
251 272 378 327 dminus
396 273 554 326 BONORUM
571 272 614 324 ET
631 272 796 326 denorum
813 273 844 339 ΙΙ,
863 279 887 339 4,
909 279 1016 329 11-14.
1037 280 1060 330 5.
1122 275 1165 342 65

84 447 149 491 non
168 429 363 509 pereruditos.
395 430 474 508 Ergo
489 429 529 490 illi
548 430 728 509 intellegunt,
751 430 822 508 quid
837 430 983 509 Epicurus
1002 431 1085 504 dicat,
1108 451 1162 511 ego
1178 439 1208 493 13

84 532 149 576 non
167 511 327 594 intellego?
354 515 391 576 Ut
411 515 485 576 scias
506 533 553 575 me
570 515 747 593 intellegere,
766 515 896 594 primum
916 515 995 576 idem
1016 535 1080 577 esse
1097 518 1162 578 dico

85 599 283 683 voluptatem,
311 599 392 678 quod
417 599 465 660 ille
494 589 619 684 ἡδονήν.
668 600 705 661 Et
729 600 848 678 quidem
873 618 960 678 saepe
992 602 1162 679 quaerimus

84 684 213 747 verbum
237 684 375 746 Latinum
403 702 457 762 par
482 685 592 745 Graeco
619 693 647 746 et
676 685 756 763 quod
784 685 863 746 idem
887 686 992 758 valeat3
1020 687 1068 746 hic
1090 687 1162 748 nihil

85 770 144 831 suit
161 769 242 849 quod
261 787 482 848 quaereremus.
526 771 646 830 Nullum
665 770 792 830 inueniri
812 770 938 831 verbum
957 778 1061 848 potest,
1081 771 1162 849 quod

46 873 49 879 ’
86 854 180 934 inope
207 854 286 915 idem
304 854 429 915 declaret
449 854 559 928 Latine,
586 855 666 933 quod
695 855 812 927 Graece,
844 873 933 933 quam
965 856 1090 916 declarat
1108 876 1163 917 co·

85 940 200 1023 luptae.
230 939 307 1000 Huic
326 939 417 1004 verbo
439 957 552 1012 omnes,
575 940 626 1017 qui
647 939 758 1018 ubique
772 948 850 1012 sunt,
871 941 923 1019 qui
941 940 1042 1002 Latine
1056 942 1162 1014 sciunt,

86 1024 161 1087 dues
179 1042 229 1085 res
249 1024 407 1096 subiciunt,
427 1024 562 1086 laetitiam
589 1025 620 1085 in
649 1025 758 1096 animo,
783 1025 1014 1086 commotionem
1042 1045 1164 1087 suavem

85 1108 275 1171 iucunditatis
295 1109 327 1169 in
348 1126 482 1188 corpore.
509 1111 583 1170 Nam
602 1119 632 1170 et
652 1109 699 1170 ille
718 1110 796 1188 apud
814 1110 958 1170 Trabeam
977 1110 1163 1194 uoluptatem

86 1192 186 1257 meme·
208 1193 337 1256 muciam
362 1194 497 1254 laetitiam
519 1193 595 1267 dicit,
623 1194 755 1266 eandem,
785 1212 874 1272 quam
903 1195 950 1255 ille
971 1196 1159 1268 Caecilianus,

87 1278 140 1358 qui
160 1277 302 1342 omaus
319 1277 441 1340 lanitiis
463 1278 576 1340 loetum
597 1298 711 1340 essese
734 1287 840 1340 narrat.
875 1279 933 1340 Sed
954 1281 1012 1340 hoc
1033 1281 1162 1353 interest,

87 1363 170 1442 quod
187 1365 322 1442 voluptas
343 1363 449 1424 dicitur
467 1364 554 1424 etiam
576 1365 607 1424 in
634 1364 733 1424 animo
752 1398 795 1407 -
814 1364 917 1425 uitiosa
943 1383 1000 1437 res,
1022 1373 1055 1425 ut
1074 1366 1163 1426 Stoici

87 1457 201 1528 putant,
220 1449 271 1527 qui
290 1467 355 1509 eam
377 1449 420 1509 sic
437 1449 597 1510 deliniunt:
617 1449 812 1510 sublationem
838 1449 928 1509 ammi
951 1450 1014 1510 sine
1038 1451 1161 1522 ratione,

87 1533 236 1611 opinantis
260 1552 292 1594 se
314 1552 420 1612 magno
440 1533 520 1593 bono
540 1534 599 1594 frui
619 1568 669 1608 -,
689 1552 751 1594 non
768 1534 873 1595 dieitur
891 1534 995 1594 laetitia
1013 1554 1069 1595 nec
1088 1554 1160 1614 gau-

88 1618 173 1679 dium
193 1617 227 1679 in
247 1636 384 1697 corpere.
426 1619 460 1679 ln
483 1637 518 1679 eo
542 1629 640 1680 autem
660 1620 794 1696 voluptas
823 1619 957 1679 omnium
985 1620 1086 1680 Latine
1114 1621 1161 1680 lo·
1177 1626 1208 1675 14

87 1703 244 1782 quentium
267 1721 350 1764 more
369 1704 498 1781 ponitur,
522 1723 590 1763 cum
611 1704 772 1782 percipitur
795 1723 836 1775 ea,
865 1721 940 1781 quae
966 1724 1088 1765 sensum
1108 1706 1161 1765 ali-

87 1804 179 1867 quem
200 1796 323 1860 moveat7
343 1788 519 1849 iucunditas.
561 1789 643 1848 llauc
662 1806 782 1867 quoque
812 1788 1032 1861 iucunditatem,
1062 1791 1086 1849 si
1109 1790 1161 1861 vis,

87 1875 216 1935 mmler
233 1873 265 1933 in
284 1872 426 1944 animum,
453 1873 554 1934 iurare
582 1874 661 1933 enim
690 1874 721 1932 in
740 1881 866 1951 utroque
888 1873 994 1933 dicitur
1013 1892 1048 1934 ex
1068 1892 1162 1952 eoque

88 1958 273 2031 iucundum
294 1958 383 2017 modo
402 1959 551 2037 intellegas
569 1958 646 2018 inter
667 1958 760 2030 illum,
778 1958 830 2036 qui
853 1957 943 2017 dicat:

253 2051 341 2104 tante
361 2042 477 2106 laetitia
498 2050 604 2104 auctus
624 2064 703 2116 eum,
724 2051 757 2103 ut
779 2041 855 2104 citit
876 2051 998 2117 constet,

88 2136 118 2189 et
134 2145 216 2202 eum,
239 2127 305 2206 qui:

339 2213 559 2274 nunc'demum
579 2210 655 2273 miti
674 2210 795 2274 animae
817 2212 916 2286 ardet,

89 2314 220 2376 quorum
241 2297 312 2357 alter
335 2298 439 2358 laetiu'a
458 2299 567 2376 gestiat,
594 2297 665 2357 alter
686 2297 788 2357 dolore
812 2297 967 2369 crucietur,
994 2315 1058 2357 esse
1079 2295 1163 2356 illum

90 2381 237 2443 medium:

141 2486 329 2549 quamquam
347 2466 420 2528 leaeo
444 2466 523 2528 inter
540 2487 596 2528 nce
617 2487 716 2549 πυράν
735 2465 845 2528 cetina
866 2465 1033 2527 admodum
1052 2473 1104 2536 eet,

89 2551 143 2629 qui
158 2568 215 2611 nee
232 2551 354 2612 laetetur
373 2569 428 2611 nec
446 2560 578 2630 angatur,
599 2552 730 2629 itemque
757 2551 833 2610 inter
859 2568 936 2621 eum,
963 2550 1014 2626 qui
1033 2549 1162 2627 potiatur

89 2635 224 2714 corporis
243 2636 376 2714 expetitis
398 2636 605 2715 voluptatibus,
634 2646 662 2696 et
683 2653 761 2707 eum,
786 2635 837 2713 qui
864 2634 1010 2694 crucietur
1036 2634 1161 2693 summis

89 2719 250 2794 doloribus,
270 2739 334 2782 esse
355 2740 433 2793 eum,
455 2722 506 2799 qui
527 2731 654 2799 utroque
674 2727 776 2781 careat.
821 2719 933 2779 Satisne
951 2718 1039 2796 igitur
1059 2718 1195 2781 videor5

90 2804 151 2865 vim
172 2804 334 2867 verborum
352 2813 451 2867 tenere
472 2825 510 2866 an
531 2825 599 2866 sum
622 2806 707 2866 etiam
727 2822 809 2864 nunc
827 2804 873 2863 vel
887 2803 995 2863 Graece
1014 2803 1096 2880 loqui
1115 2804 1161 2863 rel
1177 2812 1208 2863 15

127 2975 167 3026 13.
194 2976 262 3038 qued
280 2977 320 3024 dle
342 2969 453 3038 ἡδονήν]
477 2991 512 3026 sc.
537 2978 604 3038 dieat,
654 2960 767 3043 ἔπαρσις
800 2965 848 3041 ἐφ’
891 2969 992 3039 αἱρετῷ
1035 2968 1165 3023 δοκοῦντι

88 3045 194 3105 mattae
654 3036 795 3112 ὑπάρχειν.

124 3079 300 3190 quadorum]
317 3130 386 3177 verbo
403 3131 484 3192 aliquo
502 3128 602 3189 (arm,
690 3111 728 3162 14.
746 3111 779 3160 In
796 3108 829 3190 eo]
842 3107 870 3190 ¹(L
888 3108 913 3157 lt.
932 3111 958 3157 in
975 3124 1080 3169 corpere.

89 3192 171 3257 mbo)
188 3197 329 3248 murm,
686 3188 754 3228 tanea
770 3183 861 3228 lamecu
874 3177 930 3238 cet]
953 3176 1004 3226 Der
1021 3174 1164 3227 ersteVers

124 3274 602 3345 quumvopupmqwquqv
653 3248 744 3310 gelriirt
773 3244 982 3295 wahrseheinlich
1015 3246 1079 3294 auch
1108 3244 1164 3292 dem

91 3346 153 3397 ὼ
168 3350 234 3413 ,a
355 3359 390 3399 c
405 3344 498 3412 rur·

125 3432 225 3495 Mul]
252 3434 320 3512 illm·
351 3430 472 3514 limile?
501 3433 528 3483 1¹¹
559 3433 604 3485 ‘¹⁰¹'
655 3450 836 3514 Ciciliusvgl.
850 3465 886 3516 pr.
899 3448 984 3498 Caelio
1000 3451 1039 3510 16,
1054 3449 1101 3499 37:
1120 3448 1164 3497 sed

91 3498 200 3551 wolton
222 3496 308 3552 {talne
331 3502 375 3552 des
398 3508 503 3553 zwerten
527 3502 603 3552 Jahr-
654 3519 749 3582 dubito,
785 3533 856 3583 quem
886 3523 981 3583 pamm
1009 3514 1165 3582 potissimum

90 3567 213 3619 mim
239 3584 264 3619 V·
288 3569 346 3620 Chl-
387 3570 437 3634 Vel
461 3570 534 3620 Τῑῑὸθ·
559 3568 603 3634 wa
654 3602 761 3650 sumam3
780 3585 947 3637 Caecilianum
961 3584 1068 3650 aliquem
1086 3585 1164 3635 vehe-

94 3639 135 3700 te,
153 3638 196 3689 3⁵·
213 3653 238 3687 ¹¹·
256 3638 288 3688 ⁶¹¹
306 3635 363 3689 fam·
382 3638 412 3702 fl,
430 3643 456 3702 9>
474 3642 498 3691 2·
654 3661 760 3706 mentem
777 3662 852 3719 atque
870 3655 975 3703 durum?
1010 3652 1082 3704 Nunc
1098 3652 1164 3702 enim

125 3724 166 3772 illo
187 3723 342 3785 eatetenus]
370 3723 461 3787 „jener
488 3723 529 3774 bei
553 3723 603 3774 Οἱ·
655 3725 750 3774 demum
761 3722 996 3786 minoinuserdet,
1010 3734 1164 3771 nunemeum

92 3788 192 3841 cilius“.
225 3806 246 3840 s.
265 3789 283 3851 l,
303 3793 328 3854 2,
346 3794 370 3843 4.
655 3808 698 3842 cor
715 3791 858 3842 cumulatur
874 3791 926 3840 iral

125 3859 203 3910 eccae
216 3884 252 3895 -··
267 3861 395 3924 definiunt]
411 3859 481 3924 Diog.
500 3859 528 3909 L
547 3858 603 3923 Vll,
689 3862 837 3923 Quamquam
857 3862 913 3910 haee
930 3860 986 3920 cet]
1014 3857 1071 3907 Ter.
1089 3854 1165 3905 Haut.

95 3928 157 3980 114:
196 3922 299 3992 Ἡδονὴ
336 3924 371 3979 δέ
397 3927 469 3981 ἔστιν
502 3923 606 3997 ἄλογος
653 3927 673 3991 Ι,
695 3932 716 3992 l,
737 3930 758 3980 1.

143 4015 188 4061 (llo.
204 4017 238 4060 De
250 4018 336 4062 linibus.
940 4015 954 4063 5
