2632 4516
158 271 201 337 55
522 269 555 320 n
574 268 683 322 runnu
701 269 873 324 crcuuorus

160 430 267 491 habere
289 427 440 500 debemus,
463 429 514 508 qui
536 429 590 488 hac
613 429 746 490 exaudita
769 428 853 506 quasi
874 446 946 488 voce
969 437 1090 489 naturae
1112 427 1154 488 sic
1168 446 1235 488 eam

159 517 244 576 firme
274 513 458 593 graviterque
488 514 753 592 comprehenderit,
782 521 817 574 ut
846 513 942 574 omnis
979 512 1055 573 berre
1085 529 1173 573 sanos
1203 513 1235 574 iu

160 602 236 661 riam
265 601 409 678 placatae,
436 599 626 678 tranquillae,
656 599 787 678 quietae,
818 598 918 660 beatae
947 599 1021 659 ritae
1051 596 1236 660 deduceret?

161 687 220 759 Qui
249 685 329 765 quod
359 683 411 744 tibi
439 702 545 763 parum
573 684 690 745 ridetur
719 684 860 757 eruditus,
889 702 922 744 ea
952 702 1039 744 causa
1068 691 1120 756 est,
1151 684 1232 762 quod

161 771 272 831 nullam
294 768 489 830 eruditionem
511 787 576 830 esse
598 770 689 842 duxit,
711 769 768 830 nisi
790 787 865 847 quae
887 768 985 829 beatae
1007 769 1082 830 vitae
1104 768 1235 848 discipli-

115 863 147 914 72
162 874 231 916 nam
252 856 373 917 iuvaret
417 855 463 914 An
485 854 532 914 ille
554 863 671 933 tempus
693 854 795 915 autin
818 855 911 932 poetis
927 854 1105 926 evolvendis,
1129 861 1162 915 ut
1176 873 1232 933 ego

161 950 190 1002 et
211 941 343 1001 Triarius
364 948 392 1000 te
414 939 563 1000 hortatore
585 941 718 1013 facimus,
741 948 939 1012 consumeret,
968 940 999 999 in
1021 939 1131 1018 quibus
1153 941 1234 1000 nulla

160 1026 253 1087 solida
274 1024 382 1085 utilitas
399 1025 556 1103 omnisque
572 1025 693 1104 puerilis
717 1032 762 1086 est
777 1024 936 1097 delectatio,
959 1032 1009 1085 aut
1030 1043 1071 1097 se,
1095 1032 1128 1086 ut
1143 1025 1234 1098 Plato,

100 1173 103 1176 ,
158 1112 191 1172 in
221 1110 349 1182 musicis,
379 1111 545 1188 geometria,
574 1111 715 1182 numeris,
745 1110 829 1170 astris
859 1118 1032 1183 contereret,
1062 1127 1138 1188 quae
1168 1119 1234 1170 eta

160 1197 239 1256 falsis
261 1195 350 1255 initiis
372 1197 504 1273 profecta
526 1213 595 1255 vera
617 1213 681 1256 esse
703 1213 766 1255 non
780 1203 906 1273 possunt
928 1203 965 1266 et,
988 1195 1013 1255 si
1034 1202 1134 1255 essent
1155 1212 1233 1266 vera,

159 1281 232 1341 nihil
247 1280 405 1353 adferrent,
428 1296 488 1359 quo
501 1279 669 1352 iucundius,
683 1280 713 1340 id
728 1289 773 1340 est
788 1298 848 1358 quo
866 1280 970 1340 melius
985 1292 1168 1352 sereremus,
1191 1312 1235 1323 -

160 1385 208 1426 eas
238 1384 307 1444 ergo
338 1366 407 1427 artis
436 1373 678 1443 persequeretur,
706 1364 824 1425 vivendi
853 1373 945 1425 artem
975 1373 1084 1426 tantam
1113 1373 1234 1445 tamque

160 1468 316 1530 operosam
339 1459 367 1511 et
389 1450 510 1529 perinde
534 1452 717 1510 fructuosam
739 1448 941 1528 relinqueret?
984 1451 1051 1510 Non
1074 1469 1145 1528 ergo
1160 1451 1233 1530 Epi·

160 1554 250 1596 curus
272 1535 445 1606 ineruditus,
469 1534 520 1595 sed
541 1534 562 1594 ii
577 1534 696 1608 indocti,
718 1534 779 1613 qui,
801 1553 877 1613 quae
892 1552 1002 1614 pueros
1018 1552 1080 1595 nou
1097 1535 1233 1596 didicisse

158 1629 245 1698 turpe
268 1629 320 1692 est,
343 1638 376 1680 ea
398 1627 502 1698 putant
523 1638 620 1697 usque
642 1620 678 1680 ad
693 1627 875 1680 senectutem
891 1639 956 1681 esse
972 1620 1119 1680 discenda.
1151 1622 1234 1694 Quae

160 1724 229 1765 cum
245 1705 373 1778 dixisset,
395 1704 553 1783 Explicavi,
574 1705 678 1784 inquit,
701 1705 875 1766 sententiam
891 1723 997 1778 meam,
1016 1712 1044 1766 et
1060 1724 1095 1765 eo
1112 1706 1233 1784 quidem

159 1791 291 1861 consilio,
313 1797 400 1851 tuum
413 1790 555 1850 iudicium
578 1799 611 1850 ut
624 1808 844 1869 cognoscerem,
867 1807 942 1870 quae
965 1790 1037 1850 milri
1052 1792 1184 1863 facultas,
1201 1799 1234 1852 ut

158 1876 188 1935 id
212 1894 278 1936 meo
301 1874 443 1936 arbitratu
467 1878 604 1949 facerem,
626 1885 693 1936 aute
715 1876 772 1936 hoc
788 1883 907 1955 tempus
929 1893 1084 1955 nunquam
1099 1885 1144 1938 est
1159 1877 1233 1937 data.

191 2064 283 2112 nullam
305 2063 373 2114 end.
393 2085 428 2096 ·-
444 2063 496 2111 nist
511 2077 571 2125 quae
593 2063 671 2112 deame
720 2057 796 2128 ἔλεγε
818 2058 869 2126 τὴν
893 2061 1070 2130 φιλοσοφίαν
1090 2057 1234 2132 ἐνέργειαν

157 2130 214 2191 etc]
242 2128 271 2180 ll.
295 2127 393 2179 iordcrt
419 2129 492 2179 einen
509 2129 668 2195 practisclren
720 2127 795 2182 εἶναι
808 2125 904 2197 λόγοις
917 2132 963 2180 καὶ
977 2129 1172 2197 διαλογισμοῖς
1184 2127 1234 2182 τὸν

156 2195 270 2260 Nutzon,
297 2197 347 2247 wic
365 2196 495 2248 Socrates:
512 2197 577 2249 Xon.
596 2197 668 2248 Mem.
719 2194 875 2268 εὐδαίμονα
895 2203 957 2266 βίον
975 2199 1187 2270 περιποιοῦσαν.

157 2264 220 2328 1,2,
242 2268 281 2319 15.
381 2297 387 2305 -
753 2271 811 2319 Non
828 2285 884 2334 erpo
905 2270 984 2331 Epic]
1018 2267 1134 2332 „Sonach
1152 2268 1188 2319 ist
1204 2266 1234 2320 E.

193 2334 233 2385 72.
250 2335 347 2384 vivendi
358 2334 441 2396 arten]
456 2329 667 2400 Sertllmpmdv.
719 2335 837 2386 wirklich
855 2336 942 2386 nicht“
961 2343 1008 2388 etc.
1044 2335 1115 2388 Hand
1139 2334 1176 2400 ll,
1207 2354 1230 2403 p.

157 2400 291 2464 tlatnlss,
313 2404 368 2454 169.
386 2417 410 2467 p.
422 2404 484 2455 578:
501 2398 670 2475 Ἐπίκουρος
719 2406 778 2467 446,
798 2407 821 2458 8.
