2632 4516
174 270 215 334 10
521 270 554 323 u.
570 269 678 321 runnu
695 268 864 321 crcaaoms

511 422 636 486 Utinam
656 441 694 485 ae
713 423 747 485 in
768 443 889 485 nemore

172 509 262 569 nihilo
284 508 381 568 minus
406 508 528 586 legimus
556 526 645 586 quam
670 509 728 569 hoc
747 508 826 569 idem
847 509 1005 581 Graecum,
1027 526 1101 587 quae
1128 513 1226 568 autem

172 594 208 655 de
227 593 302 653 bene
323 592 463 670 beateque
487 592 611 654 vivendo
632 613 649 653 a
670 594 788 665 Platone
810 593 952 671 disputata
972 601 1058 666 sunt,
1080 593 1152 652 haec
1172 610 1225 652 ex-

172 679 271 757 phoari
296 696 357 738 non
384 677 507 755 placebit
533 675 657 738 Latine?
696 677 782 752 Quod
811 678 835 739 si
863 695 918 738 nos
945 694 1006 738 non
1033 678 1227 755 interpretum

142 763 323 842 tlungimur
337 780 468 837 munere,
482 762 533 823 sed
553 771 672 823 tuemur
693 782 735 835 ea,
751 780 825 840 quae
845 762 919 822 dicta
941 771 1010 823 sunt
1029 761 1066 824 ab
1087 762 1131 833 iis,
1150 779 1227 841 quos

170 849 339 927 probamus,
361 846 460 926 eisque
481 856 616 907 nostrum
636 847 775 907 iudicium
798 855 826 907 et
846 855 982 908 nostrum
1004 846 1150 907 scribendi
1173 863 1225 906 or·

172 933 270 994 dinem
291 931 490 1010 adiungimus,
518 932 587 1010 quid
609 932 731 1004 habent,
761 950 814 992 cur
841 932 949 992 Graeca
976 939 1154 1010 anteponant
1180 931 1226 1003 iis,

172 1036 246 1096 quae
261 1024 289 1076 et
306 1016 456 1093 splendide
477 1016 550 1077 dicta
571 1034 668 1094 neque
687 1017 745 1076 sint
766 1035 905 1077 conversa
924 1016 959 1077 de
980 1013 1119 1078 Graecis?
1152 1016 1226 1075 Nam

171 1104 195 1163 si
217 1102 314 1162 dicent
334 1101 369 1160 ab
390 1101 445 1161 illis
466 1102 518 1161 has
535 1120 583 1162 res
599 1120 662 1162 esse
681 1109 821 1174 tractatas,
842 1119 880 1161 ne
899 1101 979 1179 ipsos
1001 1101 1119 1179 quidem
1135 1101 1227 1161 Grae-

171 1205 223 1247 cos
245 1193 288 1247 est
303 1204 357 1245 cur
376 1193 436 1246 tarn
456 1186 563 1246 multos
585 1187 687 1265 legant,
704 1205 792 1266 quam
814 1186 925 1264 legendi
944 1195 1020 1248 sunt
1049 1185 1125 1259 Quid
1148 1185 1226 1245 enim

171 1280 214 1332 est
240 1290 256 1331 a
284 1270 447 1350 Chrysippo
476 1272 714 1349 praetermissum
744 1272 775 1331 in
799 1268 925 1331 Stoicis?
970 1271 1106 1350 Legimus
1128 1278 1227 1330 minen

170 1356 340 1435 Diogenem,
360 1355 560 1434 Antipatrum,
581 1357 800 1427 Mnesarchum,
821 1355 1006 1428 Panaetium,
1026 1356 1135 1416 multos
1156 1355 1228 1416 allos

170 1442 201 1502 in
224 1440 384 1519 primisque
406 1441 575 1501 familiarem
598 1450 732 1501 nostrum
754 1440 954 1500 Posidonium.
991 1437 1092 1513 Quid?
1128 1440 1227 1500 Theo-

170 1526 307 1605 phrastus
328 1524 549 1586 mediocriterne
570 1526 698 1598 delectat,
719 1544 787 1585 curn
803 1532 903 1585 tractat
923 1525 1004 1585 locos
1025 1524 1060 1585 ab
1075 1524 1229 1585 Aristotele

169 1658 217 1708 wir
240 1665 306 1710 etwa
325 1686 358 1696 -
378 1673 432 1708 was
456 1659 516 1709 aber
533 1659 621 1721 etc.“),
644 1674 672 1708 so
723 1653 756 1723 ἧν
775 1651 850 1710 στοά.

169 1729 225 1777 dass
237 1742 317 1791 „quae
331 1728 430 1777 autem“
444 1727 560 1777 aullalleu
571 1727 672 1789 kdnnte,
757 1727 881 1791 Discenen]
904 1741 951 1774 von
972 1724 1097 1787 Seleucia,
1123 1723 1230 1775 Schiiler

169 1794 673 1859 doebliegthierderGegensatzeigent·
723 1795 765 1844 des
784 1794 851 1844 Zeno
868 1795 918 1843 und
936 1793 1092 1861 Chrysippus.
1120 1790 1156 1842 Er
1172 1808 1229 1842 war

168 1864 218 1913 licb
236 1869 288 1914 crst
312 1863 337 1912 in
355 1864 402 1913 den
422 1864 527 1914 Worten
544 1867 616 1926 „luzec
634 1880 673 1913 ea·
723 1863 768 1912 mit
785 1863 925 1912 Carneades
944 1863 993 1912 und
1011 1860 1137 1911 Critolaus
1155 1863 1227 1912 atbe-

165 1937 256 1995 plicari
279 1949 327 1982 non
353 1936 453 1993 placebit
474 1933 595 1983 Lclim?“
624 1933 672 1980 und
724 1931 822 1982 uischer
845 1930 983 1981 Geseudter
1005 1930 1030 1979 iu
1053 1930 1114 1980 Rom
1137 1932 1185 1982 155
1204 1946 1229 1980 v.

170 2000 196 2050 iu
225 1999 303 2050 einem
328 1999 550 2064 voraulgestellten
573 1999 673 2050 Neben-
724 2000 781 2050 Chr.
799 1999 849 2063 vgl.
867 1997 939 2048 Tusc.
957 1997 1000 2057 lV,
1020 2001 1043 2060 3,
1063 2002 1085 2051 5.

170 2075 241 2119 satze
264 2068 342 2118 findet
362 2068 416 2117 sich
441 2071 504 2118 auch
526 2079 602 2119 antem
633 2068 673 2118 hei
755 2069 892 2128 Anteiam]
915 2082 964 2115 von
989 2065 1096 2129 Tarsus,
1123 2065 1230 2117 Sehliler

171 2136 221 2186 Cic.
240 2137 270 2186 de
287 2142 337 2185 nat.
356 2137 421 2186 deor.
445 2136 475 2199 ll,
500 2139 540 2199 38,
565 2140 611 2189 et:
625 2136 673 2199 ,An
724 2137 766 2185 des
784 2135 900 2198 Vorigen.

169 2219 241 2270 quum
259 2203 437 2254 machinatione
455 2206 558 2269 quadam
580 2205 674 2254 moveri
758 2206 932 2254 Mnesarchum.
947 2204 1094 2264 Panaetium]
1105 2201 1145 2252 die
1154 2202 1228 2252 chro-

169 2271 262 2337 aliquid
280 2273 390 2322 videmus
406 2301 439 2308 —
461 2289 509 2321 non
527 2272 673 2335 dubitamus,
725 2271 866 2336 nologische
894 2269 1055 2335 lleihenlolge
1080 2270 1115 2319 ist
1142 2285 1228 2334 umge-

169 2340 226 2407 quin
244 2340 290 2389 illa
308 2355 382 2406 opera
399 2340 449 2390 sint
467 2340 583 2390 rationis:
602 2356 674 2405 quum
724 2341 811 2403 kebrt3
844 2341 873 2389 de
900 2355 935 2389 or.
961 2339 980 2401 l,
1005 2343 1028 2402 2,
1053 2342 1098 2391 45:
1129 2338 1231 2389 auditor

168 2415 250 2459 autem
274 2408 388 2474 impetum
412 2408 476 2460 caeli
499 2436 531 2444 -
555 2408 672 2472 videmus,
724 2408 837 2458 Panaetii
850 2407 1014 2458 Mnesarchus.
1033 2406 1230 2457 P.vonllhodus

168 2476 307 2527 dubitamus
330 2483 378 2528 etc.
396 2506 429 2514 -
453 2477 504 2527 Zur
526 2477 605 2527 Sacbe
623 2478 673 2541 vgl.
724 2492 778 2526 war
801 2477 905 2527 Schiiler
930 2477 978 2526 und
1004 2474 1155 2538 Nucblolger
1186 2477 1228 2526 des

169 2544 246 2595 Acad.
265 2544 283 2608 l,
302 2547 325 2608 3,
348 2550 391 2598 1οι
417 2545 480 2611 Quid
498 2545 561 2595 enim
584 2561 673 2596 causae
724 2544 868 2611 Antipater,
896 2559 924 2594 er
946 2545 1013 2594 lebte
1039 2560 1069 2593 zu
1089 2543 1173 2594 Athen
1195 2544 1229 2593 im

168 2621 223 2676 est,
257 2629 301 2663 our
332 2620 417 2679 poetas
444 2614 545 2664 Latium
572 2613 674 2664 Graecis
724 2613 830 2663 aweiten
855 2613 1022 2663 lahrhundert
1048 2628 1072 2662 v.
1095 2612 1152 2661 Chr.
1178 2613 1229 2662 und

171 2682 264 2733 litteris
282 2682 374 2733 cruditi
395 2683 493 2748 legant,
518 2682 674 2749 philosophos
724 2683 788 2731 auch
811 2682 891 2746 einige
914 2681 970 2731 Zeit
993 2697 1024 2730 zu
1041 2680 1102 2729 llom
1119 2679 1151 2729 im
1168 2678 1229 2732 Um-

171 2767 219 2801 uon
236 2751 339 2814 legant?
724 2765 805 2815 gange
821 2751 866 2800 mit
884 2749 975 2815 Scipio,
994 2748 1078 2798 Llilius
1095 2766 1119 2798 u.
1131 2747 1161 2798 A
1179 2749 1229 2799 und

211 2822 306 2869 Utinam
317 2836 347 2869 ne
357 2823 384 2868 ιἰι
396 2820 496 2881 nemore]
514 2820 558 2869 der
575 2818 673 2883 Anlang
724 2819 805 2869 lehrte
819 2819 875 2870 hier
888 2818 927 2868 die
942 2815 1229 2883 stoischePhilosopbic;

171 2888 215 2936 der
232 2886 320 2937 Medea
337 2888 380 2936 des
397 2886 503 2951 Ennius,
523 2888 610 2938 weiter
628 2903 674 2937 an-
725 2886 778 2937 seln
802 2886 951 2953 llauptwcrk
978 2889 1043 2957 περΙ
1066 2887 1117 2936 τοῦ
1141 2880 1230 2951 καθή-

171 2952 272 3019 gesdhrt
289 2957 319 3005 de
337 2954 382 3004 lat.
397 2957 435 3018 15,
445 2958 484 3008 35.
503 2956 532 3006 de
547 2963 597 3006 nat.
607 2958 674 3006 deor.
724 2973 821 3014 κοντος
844 2971 898 3005 war
920 2955 974 3004 eine
998 2953 1085 3019 Quelle
1101 2951 1141 3003 sair
1158 2953 1185 3003 C.
1202 2954 1229 3003 in

167 3021 210 3085 ΙΙΙ,
228 3025 269 3083 30,
288 3026 328 3075 75.
346 3019 417 3085 (Εἴθ’
436 3017 520 3093 ὤφελ’
541 3053 574 3060 -
592 3052 624 3061 -
645 3025 675 3077 ἐν
725 3023 808 3074 seinen
832 3024 942 3073 Biiohern
966 3022 996 3072 de
1018 3020 1120 3085 ollio-iis,
1138 3020 1168 3085 ll,
1190 3024 1230 3086 l'l,

168 3085 286 3144 νάπαισι
303 3092 352 3152 -Ι,
725 3095 771 3144 60:
789 3090 929 3154 Panaetius,
941 3105 1010 3155 quem
1027 3091 1130 3140 multum
1147 3090 1173 3140 in
1190 3090 1230 3142 uis

202 3160 309 3221 memor]
365 3159 466 3208 stiirker
512 3159 549 3209 als
591 3170 675 3224 team,
724 3159 796 3208 libris
830 3165 929 3209 secutus
964 3174 1023 3209 sum.
1061 3158 1229 3223 Mnesarchus,

168 3228 315 3277 schwilcher
338 3226 376 3277 als
399 3229 537 3291 defendere,
569 3227 620 3292 vgl.
643 3227 674 3291 ll,
725 3227 885 3290 Zeitgenosse
903 3225 1009 3277 Cicero's
1032 3228 1082 3277 und
1101 3227 1146 3276 mit
1162 3227 1230 3277 llar-

170 3299 195 3358 4,
219 3298 256 3348 11.
726 3296 804 3345 danus
829 3295 867 3345 als
890 3295 987 3345 Flihrer
1012 3296 1056 3346 der
1075 3295 1176 3346 Stoiker
1198 3313 1230 3346 au

206 3366 230 3416 6.
249 3364 403 3427 Odryss'ppua]
415 3378 458 3413 eus
471 3362 524 3412 Soli
535 3363 560 3412 iu
572 3363 676 3414 Cilicien
726 3363 807 3413 Athen
825 3364 948 3427 erwlibnt,
966 3363 1041 3414 Aead'.
1059 3362 1089 3427 ll,
1108 3367 1149 3426 22,
1168 3367 1208 3416 69.

170 3432 295 3483 zwischen
320 3434 369 3484 287
387 3448 410 3481 u.
429 3433 478 3484 278
496 3432 550 3495 geb.
568 3434 617 3483 und
626 3435 676 3484 208
760 3434 908 3494 Posidonius]
922 3448 971 3481 von
988 3431 1104 3498 Apamea,
1126 3432 1232 3483 Schliler

171 3516 195 3550 ιι.
206 3502 256 3553 205
270 3517 294 3550 v.
308 3500 364 3550 Chr.
376 3507 447 3564 gest,
458 3515 514 3550 war
522 3500 625 3551 Sohiiler
633 3503 676 3551 des
727 3501 768 3551 des
780 3499 922 3564 Panaetius,
938 3501 1008 3551 hatte
1026 3500 1080 3551 eine
1092 3500 1181 3550 Schule
1199 3517 1230 3552 zu

169 3566 238 3619 Zeno
255 3570 304 3618 und
322 3568 453 3618 Cleanthes
470 3570 519 3618 und
537 3570 578 3619 des
600 3569 676 3619 Leta-
727 3568 844 3633 llhodus,
870 3569 911 3619 dle
933 3584 983 3619 von
1009 3570 1055 3620 den
1080 3569 1230 3620 vornchmen

168 3642 223 3688 torn
239 3635 391 3701 Nachlolger
404 3636 449 3686 aul
463 3638 516 3687 dem
529 3637 676 3688 Lehrstuhle
727 3637 831 3687 lldmern
857 3639 907 3688 und
929 3638 992 3687 auch
1014 3654 1063 3687 von
1084 3637 1109 3687 C.
1127 3638 1232 3688 besucbt

169 3706 215 3757 der
227 3705 296 3769 Stoa,
315 3705 355 3754 bel
373 3706 417 3755 der
434 3721 461 3755 er
478 3705 504 3754 in
521 3706 608 3756 hohern
622 3707 674 3755 An·
727 3707 820 3756 warde.
838 3706 895 3770 Vgl.
912 3704 983 3756 Tuso.
1001 3705 1031 3769 ll,
1050 3709 1090 3768 25,
1109 3709 1149 3758 61.

165 3775 245 3825 seben
257 3774 338 3824 stand.
356 3772 432 3823 Acad.
443 3773 473 3835 ll,
483 3777 524 3837 24,
535 3778 580 3826 75:
593 3774 675 3841 Chry·
759 3776 939 3836 theophrastus]
950 3774 1120 3824 derbekanuta
1127 3774 1232 3826 Sebiiler

166 3841 315 3962 {teth
333 3840 675 3965 ‘ll“⁰ll{t⁰‘vll‘l⁰lt
725 3841 1001 3962 lllltlllhlt
1013 3842 1229 3962 Phth-*ll

167 3982 205 4032 ΕΙ
216 3976 256 4050 μή
277 3979 332 4053 γὰρ
345 3974 379 4045 ἦν
392 3926 566 4048 bedolitum,
580 3949 676 4033 driade
726 3979 777 4029 lieb
810 3975 953 4053 Τύρταμος
983 3978 1111 4043 gebeissen
1141 3926 1230 4045 bdben,
