2634 4478
130 250 321 305 aramum
338 250 498 304 aouoauu
510 251 730 305 armenorum
746 251 777 316 u,
799 256 838 318 rc,
858 256 966 308 52-54,
987 258 1027 318 17,
1046 257 1085 308 55.
1122 254 1164 320 89

87 428 146 473 neo
165 428 238 471 vero
268 408 367 471 omnia
391 408 519 482 timente,
547 409 599 470 sed
618 408 748 487 primum
771 410 822 487 qui
844 409 932 469 animi
955 410 1163 471 conscientiam

88 514 154 559 non
176 502 270 568 curet,
288 512 378 573 quam
393 495 503 555 scilicet
521 495 717 572 comprimere
732 495 858 555 nihilest
880 495 997 574 negotii.
1028 496 1056 555 ls
1075 496 1162 567 enim,

89 582 143 661 qui
163 580 297 641 occidtus
316 588 347 640 et
366 586 460 641 tectus
480 579 594 652 dicitur,
615 587 729 641 tantum
748 580 831 640 abest
850 589 884 640 ut
902 599 933 640 se
953 580 1070 651 indicet,
1092 599 1163 658 per·

87 666 169 729 ficiet
183 666 270 727 etium
292 672 327 726 ut
347 664 447 726 dolere
468 665 586 726 alterius
604 664 742 742 improbo
764 668 840 726 facto
863 666 1009 737 videntum
1032 666 1164 744 quidest

87 752 171 813 enim
186 750 266 813 aliud
284 768 350 811 esse
363 747 547 811 uersutum?¹
570 749 691 811 Memini
706 769 755 811 me
771 752 874 812 adesse
888 751 921 811 P.
936 751 1055 811 Sextilio
1073 752 1162 823 Rufo,
1176 756 1209 804 55

88 854 161 899 cum
177 836 205 897 is
220 854 285 897 rem
305 835 342 896 ad
360 835 470 896 amima
490 836 529 897 ita
548 835 683 907 deterret
705 854 737 896 se
764 854 828 896 esse
857 835 996 897 heredem
1017 837 1052 909 Q.
1072 835 1161 896 Fadio

30 950 39 963 ·
88 922 183 995 Gallo,
202 920 289 981 cuius
302 920 340 980 in
360 929 534 981 testamento
557 920 701 999 scriptum
727 929 812 993 esset,
841 941 871 981 se
901 920 937 981 ab
960 939 995 981 ec
1015 929 1160 1000 rogatum,

88 1016 125 1069 ut
150 1006 249 1068 omnis
271 1005 418 1067 hereditas
439 1005 475 1066 ad
496 1007 585 1066 filiam
604 1006 781 1084 perveniret.
824 1007 858 1067 ld
887 1007 1022 1067 Sextilius
1050 1009 1161 1067 sactum

88 1090 225 1172 negabat
255 1090 374 1151 Poterat
388 1098 486 1151 autem
499 1092 638 1170 impune;
654 1091 721 1169 quis
738 1092 818 1151 errim
834 1088 1045 1171 redargueret?
1067 1092 1161 1152 Nemo

88 1185 229 1239 noenum
257 1175 394 1238 credebat
422 1184 542 1255 eratque
570 1176 633 1236 veri
659 1176 783 1237 similius
810 1177 891 1237 huno
920 1176 1047 1248 mentiri,
1077 1177 1161 1237 cuius

88 1262 254 1334 interesset,
276 1279 366 1339 quam
387 1261 479 1333 illum,
499 1262 550 1340 qui
571 1261 600 1321 id
623 1280 656 1322 sc
671 1279 790 1340 rogasse
809 1262 982 1340 scripsisset,
1007 1261 1088 1340 quod
1108 1262 1162 1321 de·

87 1346 204 1409 huissut
222 1364 337 1425 rogare.
383 1346 516 1407 Addebat
533 1346 619 1408 etiam
638 1365 670 1407 se
692 1347 722 1406 in
742 1348 836 1425 legem
853 1347 1014 1406 Voconiam
1033 1347 1161 1406 iuratum

91 1441 197 1495 conda
220 1448 287 1493 eam
314 1433 411 1493 facere
440 1450 502 1492 uun
528 1432 645 1503 audere,
681 1431 737 1492 nisi
760 1432 841 1501 aliter
874 1433 974 1492 amicis
1005 1432 1162 1492 videretur.

87 1517 255 1579 Aderamus
277 1534 333 1578 nos
354 1517 475 1595 quidem
496 1517 707 1590 adulescentes,
728 1518 780 1578 sed
803 1518 886 1578 multi
909 1516 1080 1595 amplissimi
1097 1517 1162 1588 viri,

89 1620 221 1681 quorum
245 1619 333 1663 nemo
360 1603 475 1664 censuit
496 1603 563 1681 plus
589 1602 694 1663 Fadiae
719 1603 861 1675 dandum,
888 1620 977 1681 quam
1004 1611 1104 1680 posset
1125 1603 1162 1662 ad

88 1706 157 1749 eam
182 1688 247 1767 lego
277 1688 407 1748 Voconia
435 1687 601 1766 pervenire.
659 1688 768 1749 'lenuit
805 1706 995 1767 permagnam
1026 1687 1161 1748 Sextilius

87 1772 296 1846 hereditatem,
318 1773 415 1845 unde,
428 1820 431 1825 .
445 1773 471 1833 si
500 1781 618 1833 secutus
650 1781 727 1834 esset
754 1791 859 1833 eorum
890 1773 1079 1844 sententiam,
1111 1773 1162 1849 qui

87 1857 213 1921 honoeta
235 1866 264 1919 et
282 1866 361 1919 recta
377 1857 585 1918 emolumentis
608 1857 746 1918 omnibus
765 1867 795 1919 et
814 1857 977 1917 commodis
998 1866 1162 1934 antepone-

87 1951 173 2016 rent,
201 1960 361 2003 nummum
392 1944 508 2003 nullum
544 1942 691 2020 attigisset,
740 1943 819 2004 Num
846 1943 933 2021 igitur
963 1960 1031 2002 eum
1062 1950 1161 2020 postea

88 2046 194 2089 censes
211 2028 299 2089 anxio
319 2029 420 2089 animo
442 2036 493 2088 aut
513 2028 636 2088 sollicito
657 2025 773 2088 fuisse?
820 2028 898 2089 Nihil
919 2027 1018 2087 minus
1041 2035 1160 2087 contra-

89 2132 151 2193 que
168 2113 217 2173 illa
235 2112 394 2174 hereditate
416 2115 496 2175 dives
523 2112 561 2173 ob
586 2130 710 2191 eamque
732 2131 795 2174 rem
822 2114 929 2185 laetus3
961 2113 1059 2191 magui
1082 2113 1161 2173 enim

90 2198 262 2260 aestimabat
283 2199 439 2276 pecuniam
468 2218 530 2259 non
560 2198 648 2258 modo
676 2217 739 2259 non
760 2207 861 2260 contra
890 2199 976 2278 leges,
1003 2198 1162 2258 sedetiam

87 2282 206 2365 lembus
237 2290 359 2363 partam,
381 2302 455 2362 quae
471 2284 592 2363 quidem
614 2284 660 2344 vel
679 2302 748 2344 cum
769 2285 900 2364 periculo
930 2291 974 2344 est
994 2283 1160 2362 quaerenda

62 2465 429 2603 &aldclid
440 2467 604 2602 &ilidii
653 2468 1163 2601 {liiidiiiiidifficili

88 2608 283 2669 mundanam.
303 2608 350 2659 131
362 2605 450 2655 warde
461 2621 490 2656 er
502 2605 602 2656 Censor.
654 2607 697 2657 des
708 2606 862 2669 Vcrmdgcns
879 2606 923 2655 des
933 2604 1064 2655 Testators
1082 2610 1165 2666 lwcnu

90 2674 150 2740 Vssl.
166 2674 303 2725 Mommsen
319 2673 348 2724 R.
367 2673 396 2724 G.
416 2673 447 2736 ll,
465 2674 490 2724 S.
511 2677 550 2727 14.
594 2696 597 2705 ·
653 2691 682 2726 er
716 2675 789 2725 einen
824 2673 917 2723 Census
957 2674 1018 2723 iiber
1056 2676 1164 2735 locust

123 2744 239 2806 mona]
257 2742 310 2807 vsi.
326 2741 346 2805 l,
365 2745 388 2805 6,
411 2745 449 2794 17.
654 2743 769 2793 Sesterzc
786 2743 866 2799 hatte)
884 2739 1027 2806 emplaugeu
1055 2741 1163 2792 diirltan.

123 2822 219 2864 mum
235 2814 300 2862 adon
318 2821 345 2862 ut
361 2814 507 2874 -perfietet
524 2812 602 2873 mem]
654 2812 705 2861 llas
729 2810 820 2861 Geseta
851 2812 945 2860 kounte
975 2811 1085 2861 dadnroh
1109 2825 1163 2861 nm-

90 2880 137 2931 der
151 2880 311 2945 gewdhnliolr
333 2879 380 2930 mit
396 2891 424 2930 ut
442 2880 603 2930 verbundenc
654 2895 750 2945 gangen
769 2880 883 2942 werden,
907 2880 966 2929 dass
983 2881 1029 2930 der
1045 2879 1165 2930 Testator

90 2946 220 3001 Nasium
247 2948 284 2999 ist
309 2948 337 2998 iu
366 2947 439 2998 einen
465 2948 606 3013 Hauptsatz
654 2950 702 3000 den
719 2947 802 2998 Erlen
819 2948 871 3010 bat,
890 2948 934 2998 das
946 2947 1062 2999 Erlthcil
1079 2949 1165 3014 spiter

90 3016 257 3069 unomen.
284 3017 337 3082 vgl.
367 3017 399 3079 V,
424 3019 466 3079 20,
491 3021 532 3070 57.
558 3014 603 3067 lir.
654 3018 750 3068 wieder
767 3016 913 3067 ulzummen
930 3018 979 3067 und
997 3018 1099 3079 Cicero,
1119 3018 1165 3067 dor

90 3082 564 3152 toccu.4‚2.ttanu11,p.cca.
654 3086 695 3136 dic
718 3086 761 3136 lex
785 3085 823 3135 als
845 3088 984 3150 ungerccht
1014 3103 1092 3152 gagen
1123 3086 1164 3135 dic

28 3142 37 3161 ·
69 3178 74 3183 -
126 3156 169 3221 ep.
186 3157 215 3208 r.
232 3156 348 3206 mazou
366 3155 457 3219 auso]
481 3154 516 3203 ro
533 3154 604 3205 nient
653 3155 752 3205 unus„
769 3154 1102 3221 desuadendam,
1124 3157 1163 3215 ιτ,

90 3222 313 3286 weiterltekuant,
326 3223 417 3273 cbenso
430 3223 459 3288 Q.
472 3221 602 3285 Fadius,
653 3225 751 3275 scheint
774 3224 855 3274 dieses
879 3224 1021 3275 Verlaliren
1047 3223 1088 3274 rur
1105 3224 1165 3273 sehr

90 3292 157 3343 den
179 3306 209 3343 er
232 3291 306 3344 kann
323 3290 393 3342 nicht
419 3291 530 3342 dorselbe
548 3292 602 3343 sein
653 3290 844 3358 gercchtt'ertigt
878 3308 909 3341 zu
944 3293 1038 3345 holten,
1074 3294 1106 3341 da
1136 3306 1165 3341 er

90 3359 140 3411 nit
163 3360 219 3411 dem
248 3361 280 3410 ad
309 3359 367 3411 lam.
391 3358 436 3423 IX,
462 3363 509 3419 25,
530 3361 602 3413 sals
653 3368 722 3427 sagi:
752 3366 817 3426 qood
843 3364 960 3411 &dudem
988 3377 1086 3424 roqare,
1113 3359 1164 3422 vgl.

90 3429 156 3479 rma
177 3428 268 3480 leleend
284 3430 446 3491 erwiihnteu,
470 3429 502 3479 da
520 3429 603 3481 dieser
655 3431 719 3480 auela
736 3429 753 3494 ξ
772 3432 813 3482 58.
831 3429 897 3479 Wns
913 3443 941 3478 es
959 3429 1014 3478 hier
1031 3429 1077 3477 mit
1095 3428 1165 3478 eincr

90 3494 164 3549 Bria!
182 3496 210 3548 iu
232 3498 375 3549 densellaen
397 3498 474 3548 talum
498 3501 530 3551 50
556 3513 603 3562 ge·
653 3498 805 3562 Beeidigung
828 3497 874 3547 anf
894 3497 975 3546 dieses
999 3495 1090 3546 Gesotz
1122 3494 1168 3547 auf

89 3564 223 3617 mirmion
249 3566 291 3630 ist,
320 3567 347 3616 in
379 3566 428 3618 das¹
449 3566 500 3617 Cic.
530 3581 606 3617 unser
655 3568 710 3617 sich
736 3568 789 3627 hat,
820 3567 854 3615 ist
882 3565 951 3614 nicht
977 3581 1007 3614 zu
1030 3566 1164 3617 ermittelu.

90 3632 221 3702 Gesprh‘olr
254 3640 322 3686 octat
343 3635 406 3684 ¹und
442 3634 492 3686 Cio.
533 3642 604 3699 sapt:
656 3635 792 3700 Uebrigens
816 3633 914 3683 scheiut
936 3636 999 3685 nach
1030 3635 1076 3685 der
1099 3635 1164 3684 Dar-

91 3703 225 3755 adermus
241 3718 288 3754 nos
305 3703 402 3769 quidem
424 3704 604 3754 adulescentes.
655 3704 763 3767 stellung
786 3702 865 3752 Fadia
890 3701 931 3751 ihr
949 3701 1029 3768 Legat
1047 3704 1107 3753 oder
1125 3702 1165 3752 dic

88 3788 153 3891 ui?
164 3774 398 3895 dam
418 3774 533 3894 ’ἑῖἷᾝὲ
558 3773 604 3892 ll?
654 3771 744 3902 lali,
757 3770 1167 3903 ttllltdlslltld‘lnl

89 3909 215 3973 mle,
241 3910 299 3961 dass
316 3908 518 3974 Fraueuziprmer
535 3909 604 3959 nicht
655 3909 695 3959 ein
712 3910 771 3958 sehr
788 3923 887 3972 grossas
903 3909 1043 3972 Vermo'gcn
1062 3908 1139 3959 erbte.
