2632 4516
164 274 205 339 78
528 273 561 325 Μ.
579 270 690 325 TULLII
706 269 877 324 CICERONIS

135 430 309 508 *quaedam
331 428 412 489 etin
435 446 570 507 corpore,
601 447 677 508 quae
707 446 775 488 cum
804 427 905 488 leviter
931 425 1058 504 agnovit,
1088 434 1162 488 tunc
1191 426 1238 486 di·

165 533 301 575 scernere
330 513 440 591 incipit,
470 521 503 573 ut
532 532 574 585 ea,
594 532 670 592 quae
692 513 787 591 prima
812 512 877 571 data
907 510 965 571 sint
985 519 1100 583 natura,
1121 518 1240 590 appetat

115 611 150 662 34
164 607 396 677 asperneturque
423 598 575 658 contraria.
625 598 659 660 ln
689 598 735 658 his
763 596 867 675 primis
895 595 1076 656 naturalibus
1103 596 1239 674 voluptas

162 685 232 745 insit
252 702 355 756 necne,
376 700 483 761 magna
504 683 635 761 quaestio
657 690 710 744 est.
739 681 817 743 Nihil
831 698 901 741 vero
916 689 1021 758 putere
1042 698 1107 741 esse
1121 688 1240 759 praeter

163 769 351 847 voluptatem,
372 785 435 827 non
452 767 594 839 membra,
616 785 678 827 non
694 785 808 839 seusus,
831 783 893 825 non
908 765 1019 843 ingenii
1033 773 1159 838 motum,
1174 783 1239 826 uon

162 854 356 932 integritatem
379 853 522 931 corporis,
544 870 606 912 nou
628 851 834 924 valetudinem,
863 868 998 910 summae
1026 850 1099 911 mihi
1120 850 1238 912 videtur

161 939 301 999 inscitiae.
349 938 446 1016 Atque
467 936 503 997 ab
522 937 579 998 isto
602 937 694 1016 capite
715 937 807 997 fluere
828 952 949 996 necesse
978 942 1024 996 est
1043 953 1165 995 omnem
1186 954 1237 996 ra-

162 1024 274 1084 tionem
296 1022 446 1083 bonorum
469 1030 497 1083 et
513 1022 668 1083 malorum.
697 1019 852 1082 Polemoni
873 1028 902 1081 et
922 1020 980 1080 iam
1000 1027 1068 1082 ante
1088 1020 1239 1082 Aristoteli

163 1127 196 1168 ea
216 1109 310 1187 prima
329 1107 389 1167 visa
411 1115 489 1179 sunt,
512 1125 587 1186 quae
604 1107 691 1185 paulo
713 1115 780 1167 ante
799 1105 867 1165 dixi.
910 1105 989 1183 llrgo
1010 1112 1078 1184 nata
1099 1112 1144 1166 est
1165 1123 1238 1166 sen·

162 1193 251 1253 tentia
281 1200 415 1253 veterum
446 1191 690 1253 Academicorum
722 1199 750 1252 et
776 1189 1054 1269 Peripateticorum,
1084 1199 1118 1251 ut
1145 1190 1238 1252 finem

162 1277 313 1338 honorum
337 1276 468 1337 dicerent
496 1276 660 1338 secundum
690 1284 826 1338 naturam
854 1275 961 1347 virere,
990 1274 1019 1335 id
1049 1283 1101 1348 est,
1129 1275 1239 1337 virtute

162 1362 289 1423 adhibita
308 1362 369 1423 frui
390 1362 494 1441 primis
517 1382 533 1423 a
554 1370 658 1423 natura
679 1361 761 1423 datis.
794 1359 923 1438 Callipho
945 1359 982 1419 ad
1002 1359 1142 1421 virtutem
1164 1360 1238 1422 nihil

163 1447 297 1509 adiunxit
322 1447 379 1506 nisi
405 1447 602 1524 voluptatem,
632 1446 779 1508 Diodorus
808 1445 981 1506 vacuitatem
1008 1444 1128 1506 doloris.
1183 1445 1238 1507 His

162 1531 311 1604 omnihus,
327 1548 404 1610 quos
426 1531 495 1603 dixi,
517 1531 671 1593 coniuncti
691 1538 761 1591 sunt
788 1531 862 1590 fines
889 1528 1056 1602 honorum3
1085 1529 1237 1610 Aristippo

162 1616 287 1695 simplex
305 1616 448 1694 voluptas,
472 1616 576 1676 Stoicis
598 1616 765 1677 consentire
785 1622 915 1687 natmne,
941 1614 1023 1693 quod
1045 1633 1111 1676 esse
1132 1615 1239 1676 volunt

162 1721 179 1761 e
201 1702 316 1773 virtute,
339 1699 429 1760 idest
449 1700 582 1774 honeste,
597 1701 704 1773 vivere,
724 1700 805 1779 quod
820 1699 859 1760 ita
876 1699 1114 1777 interpretantur,
1137 1699 1238 1762 virere

161 1804 231 1846 cum
252 1784 569 1865 intellegentiarerum
593 1804 704 1859 earum,
727 1803 802 1864 qnae
825 1792 927 1845 nature
943 1784 1102 1857 evenirent,
1123 1783 1238 1864 eligen-

161 1881 221 1932 tem
242 1890 283 1944 ea,
304 1890 379 1950 quae
401 1879 499 1932 essent
520 1871 685 1932 secundum
702 1878 846 1941 naturam,
867 1869 1094 1948 reicientemque
1116 1878 1237 1931 contra-

161 2137 291 2189 schriiten.
310 2139 342 2203 V,
361 2142 386 2201 9,
405 2142 445 2192 24.
464 2141 496 2190 ad
508 2138 562 2189 Att.
580 2137 611 2202 ll,
631 2142 672 2201 20,

724 2138 809 2189 iuncta
832 2137 952 2190 iecerunt.
985 2137 1084 2190 Eheuso
1100 2138 1140 2202 V,
1159 2140 1186 2202 8,
1203 2141 1236 2192 21

722 2206 828 2259 eluso.
837 2208 868 2269 V,
887 2210 928 2271 30,
947 2209 989 2271 84,
1007 2223 1048 2258 wo
1065 2206 1240 2258 dieselheuin

724 2274 866 2340 Gegensatz
875 2292 907 2325 zu
917 2276 966 2326 deu
976 2275 1142 2342 simplicia-
1154 2276 1240 2327 mixte

724 2344 946 2408 genenntwerden
964 2343 1239 2409 Vgluutenc.14‚44:

723 2411 831 2478 Epicuro
854 2440 887 2450 —
914 2413 1009 2479 quode
1027 2411 1125 2478 duplice
1143 2427 1238 2479 genere

724 2480 864 2547 voluptatis
888 2479 1034 2532 coniunctus
1052 2487 1105 2545 eet,
1129 2497 1154 2531 u.
1172 2497 1193 2532 e.
1212 2484 1238 2543 6,

727 2552 766 2602 19.
797 2550 858 2600 Dem
882 2549 983 2600 werden
1007 2550 1072 2600 daun
1089 2548 1130 2600 die
1147 2549 1238 2601 beiden

162 2210 185 2259 2.
210 2207 244 2270 X,
269 2210 293 2270 4,
321 2209 359 2260 12.
385 2210 424 2270 16,
449 2211 472 2260 4.
496 2206 567 2271 XVI,
591 2210 631 2270 11,
650 2210 673 2260 6.

162 2275 213 2339 vgl.
231 2291 253 2326 c.
272 2278 296 2338 l,
316 2278 362 2327 21:
380 2275 496 2326 similiter
513 2281 546 2325 et.

199 2346 238 2395 34.
262 2345 363 2405 Polemo]
387 2341 493 2393 Sohiilor
515 2343 565 2393 und
587 2343 674 2395 Nach-

164 2410 247 2476 lolger
264 2412 307 2462 des
324 2411 483 2463 Xenocrates
501 2411 527 2462 in
545 2412 590 2462 der
606 2412 674 2462 Aca-

164 2480 250 2531 demie.
271 2479 322 2544 vgl.
340 2479 399 2530 llor.
418 2479 471 2531 Sat.
490 2478 521 2543 Π,
541 2483 565 2543 3,
584 2483 634 2534 253
649 2481 674 2531 u.

197 2567 224 2601 ea
236 2553 321 2612 prima
337 2575 373 2587 —
389 2566 451 2615 quae
468 2577 501 2586 -
518 2551 586 2612 daei]
611 2548 674 2602 Wes

161 2634 219 2668 man
241 2625 317 2668 nater
340 2619 386 2669 deu
404 2618 500 2682 Begrilf
514 2619 558 2668 des
575 2617 674 2669 Selhst-

162 2686 403 2751 erhaltungstriebes
449 2686 673 2738 zusammeniasseu

160 2755 242 2818 kann,
261 2756 359 2806 dauach
375 2754 424 2806 soll
443 2756 487 2806 das
505 2757 608 2806 hitchste
622 2754 674 2805 Gut

725 2616 856 2669 eiusacheu
872 2619 993 2670 hdchsten
1011 2617 1092 2670 Girter
1114 2618 1158 2669 dee
1176 2617 1239 2669 Ari·

723 2686 819 2754 stippus
836 2686 887 2736 uud
904 2687 949 2737 der
961 2685 1063 2738 Stoiher
1081 2683 1107 2750 (ἦ
1124 2688 1171 2740 35:
1188 2702 1239 2738 uua

723 2753 843 2823 simplex,
871 2755 941 2805 cuius
965 2753 1033 2806 Zeno
1062 2761 1152 2805 auctor
1178 2756 1238 2819 cet)

163 2823 227 2872 noch
244 2823 351 2874 Ansicht
368 2824 413 2874 der
430 2823 675 2875 olteuhcademiker

162 2892 212 2941 und
243 2892 288 2941 der
317 2890 501 2958 Peripatetilrer
529 2893 597 2943 sein:
629 2892 674 2942 der

162 2958 243 3008 Netur
260 2961 357 3023 gentse
375 2961 448 3011 leben
472 2962 545 3024 (deun
563 2961 674 3011 dedurch

162 3026 247 3077 erh'dlt
258 3027 312 3076 sich
323 3027 395 3090 jedes
408 3028 503 3080 Wesen
518 3045 558 3080 am
571 3029 673 3092 hesteu3

161 3094 311 3161 physischer
333 3094 536 3162 Gesichtspnukt)
558 3098 608 3147 und
631 3103 673 3146 tu·

163 3162 283 3228 geudhaft
317 3165 413 3226 (virtute
440 3168 560 3227 adhibita3
589 3180 673 3215 mora-

161 3232 255 3282 lischer
271 3230 481 3299 Gesichtspuukt).

196 3306 336 3352 cacum
364 3301 462 3364 doloris]
497 3303 533 3351 ed
563 3304 674 3352 virtutem

161 3372 283 3421 adiunxit.

197 3439 331 3501 coniuncti]
367 3437 417 3487 Dee
449 3433 673 3517 headsohril'tliche

162 3505 413 3625 diemoth
427 3504 673 3637 ttttlttl:

161 3643 220 3692 dass
244 3642 284 3693 die
306 3644 400 3693 vorher
422 3648 564 3707 pedamen
586 3639 673 3692 Philo-

162 3711 254 3778 sopheu
281 3710 323 3761 ilar
340 3712 456 3762 hdehstes
474 3710 526 3763 Gut
543 3726 588 3760 aus
606 3709 673 3761 Ver·

160 3779 564 3844 schiedeuemzusammeugesetzt
574 3778 671 3843 hhtteu,
694 3832 697 3836 ,

162 3848 211 3898 wie
237 3849 291 3898 dies
317 3863 338 3898 c.
365 3850 390 3911 6,
424 3850 454 3901 19
478 3847 590 3898 deutlich
612 3862 672 3898 aus·

160 3918 313 3981 gesprocheu
323 3917 370 3968 ist:
382 3918 444 3967 haec
453 3916 671 3967 ultimabonorum

724 2822 1098 2942 contremere
1126 2822 1239 2943 ne

723 2959 760 3011 sie
778 2961 823 3011 der
839 2958 922 3011 Natm·
940 2961 1039 3025 pendes
1061 2929 1112 3011 und
1128 2960 1238 3026 tegend-

723 3027 780 3079 halt
814 3027 887 3079 lehen
917 3028 1041 3080 identisch
1076 3029 1119 3079 ist
1165 3027 1239 3080 Nach

724 3096 807 3147 dieser
818 3096 1004 3162 Classihoiruug
1020 3096 1047 3148 iu
1058 3095 1173 3149 einimhe
1186 3098 1239 3148 und

724 3172 978 3230 zusammengesetzte
1018 3166 1122 3216 hdehste
1157 3163 1239 3217 dete

724 3231 789 3296 lolgt
807 3232 823 3297 5
843 3233 1058 3299 occinentem,
1073 3232 1102 3300 je
1115 3233 1238 3285 naehden

724 3301 833 3351 ulimlioh
850 3300 1004 3367 die'liagend
1016 3316 1067 3353 von
1083 3302 1139 3354 dem
1156 3302 1238 3353 leel-

723 3375 780 3420 steu
797 3368 849 3420 Gut
865 3385 930 3434 ganz
944 3371 1157 3436 ausgesohlosm,
1175 3371 1238 3422 eder

724 3437 762 3488 als
774 3437 992 3490 Mithostandtheil
1009 3439 1138 3491 desselben
1155 3453 1237 3504 auge-

724 3521 836 3557 uommee
853 3507 901 3570 ist,
921 3507 982 3559 oder
998 3524 1063 3574 ganz
1079 3507 1158 3560 allelu
1175 3508 1237 3560 dae-

724 3575 794 3626 selhe
812 3576 936 3627 derstellt

758 3647 885 3706 nuum
909 3649 1010 3707 empne
1031 3645 1147 3708 eodemne]
1181 3642 1236 3695 Ans

724 3712 779 3762 dem
797 3712 1023 3778 Vorliersehenden
1040 3713 1075 3764 iet
1092 3729 1124 3764 zu
1140 3714 1236 3778 ersin-

722 3795 781 3830 zeu:
801 3780 928 3848 Aristippo
937 3781 1042 3848 simplex
1051 3781 1107 3832 unu
1116 3781 1238 3832 honorum

722 3855 762 3899 est
779 3848 909 3914 voluptas,
928 3849 1020 3901 Stoicis
1037 3850 1151 3917 (simplex
1168 3847 1185 3901 t
1202 3850 1237 3914 h.)

723 3917 865 3968 consentire
883 3923 930 3969 oet.
