2632 4516
152 245 195 312 28
334 299 338 304 .
496 244 530 297 u.
547 243 656 297 runnu
673 226 844 296 ucmoms

151 421 273 475 eorum,
303 401 355 480 qui
382 409 434 460 aut
462 407 578 479 saperet
605 400 713 479 aliquid
735 409 786 462 aut
805 401 861 462 ista
882 400 1037 461 didicisset
1081 401 1118 461 Et
1139 401 1220 479 quod

152 487 302 566 quaeritur
317 504 413 564 saepe,
430 503 484 546 cur
504 494 564 546 tam
587 486 671 546 multi
693 486 752 546 sint
771 486 916 565 Epicurei,
931 495 1001 546 sunt
1015 486 1085 546 aliae
1100 503 1221 564 quoque

151 590 265 644 causae,
286 571 338 632 scd
362 568 578 631 multitudinem
600 570 672 631 haec
693 571 819 631 maxime
834 570 938 643 adlicit,
955 571 1038 650 quod
1058 571 1096 631 ita
1118 579 1222 649 putant

151 655 208 717 dici
229 655 265 717 ab
286 656 346 729 illo,
368 665 446 717 recu
462 664 497 717 et
517 656 642 716 honesta
663 674 739 734 quae
760 656 835 729 sint,
857 675 891 716 es
912 657 1009 716 facere
1028 656 1092 734 ipss
1113 674 1168 734 per
1189 674 1221 716 se

150 741 294 814 laetitiam,
316 740 347 802 id
369 741 621 818 estfflvoluptstcm.
664 740 806 802 Homines
828 741 932 819 optImi
960 758 1022 801 non
1050 741 1223 818 intellegunt

151 835 243 888 totam
264 826 409 887 rationem
431 826 536 897 everti,
558 826 584 885 si
605 825 644 886 ita
665 845 713 886 res
735 845 767 886 se
789 825 909 899 habeam
935 843 1005 886 num
1027 826 1052 886 si
1072 826 1220 886 concede·

152 920 249 985 retur,
272 911 358 972 etiam
381 910 406 971 si
427 895 463 970 ad
486 928 595 989 corpus
617 909 691 972 nihil
710 913 872 984 reseratur,
899 911 955 972 ista
983 929 1037 971 sna
1065 918 1171 989 sponte
1194 919 1224 972 et

152 1015 207 1076 per
229 1014 261 1056 se
283 1015 347 1057 esse
368 995 506 1068 iucunda,
529 1014 582 1073 per
604 1013 636 1056 se
658 1004 735 1057 esset
755 1004 785 1057 et
799 996 891 1056 virtus
912 1005 943 1056 ct
963 996 1089 1074 cognitio
1110 1013 1232 1069 rerum.

106 1094 140 1145 26
154 1081 235 1159 quod
257 1080 377 1141 minime
398 1081 445 1141 ille
467 1080 544 1151 vult,
573 1080 743 1158 expetenda.
787 1081 867 1141 llaec
893 1080 982 1160 igitur
1010 1081 1131 1159 Epicuri
1161 1098 1222 1141 non

152 1165 258 1245 proho,
287 1166 426 1244 iuquam,
457 1165 493 1226 de
514 1173 611 1225 cetero
634 1165 739 1227 vellem
768 1165 904 1244 equidem
926 1174 977 1227 sut
996 1166 1060 1244 ipse
1080 1165 1223 1227 doctrinis
1240 1234 1263 1256 ,

152 1251 258 1315 fuisset
286 1251 457 1313 instructior
480 1284 521 1294 -
543 1259 588 1311 est
616 1250 711 1324 enim,
742 1251 822 1329 quod
852 1249 904 1313 tihi
926 1251 965 1312 ita
986 1249 1078 1312 rideri
1102 1269 1223 1312 necesse

152 1426 214 1489 soll,
245 1426 301 1476 hier
330 1428 394 1476 noch
423 1426 494 1477 einen
525 1425 662 1489 einzelnen,
714 1425 765 1479 Cic.
783 1426 840 1477 IIer
855 1425 926 1481 nicht
943 1425 1016 1476 einen
1039 1441 1118 1476 neuen
1141 1425 1224 1477 Punkt

152 1510 226 1545 weno
249 1496 313 1544 auch
337 1495 409 1545 einen
438 1510 470 1545 zu
499 1495 545 1544 deu
575 1495 663 1545 hester
713 1510 759 1558 sn,
778 1494 804 1544 in
822 1495 876 1545 dem
894 1509 922 1544 er
939 1494 987 1545 den
1003 1493 1032 1544 II.
1051 1495 1146 1558 cadolt,
1164 1511 1223 1545 soo-

153 1563 310 1627 geho'rendeo
323 1562 428 1614 Schliler
441 1563 484 1612 des
496 1560 587 1629 Epicur
601 1563 662 1626 (vgl.
713 1564 775 1613 dem
802 1561 927 1628 begegnet
956 1563 1114 1613 schhesslich
1143 1563 1224 1614 einen

152 1631 183 1693 ll,
200 1634 223 1694 3,
239 1635 263 1683 1.
282 1633 324 1695 28,
337 1634 379 1695 92)
397 1631 611 1695 hervomuhehem
628 1631 663 1681 ist
713 1629 834 1696 Einwmi,
858 1631 903 1682 der
922 1631 974 1682 ihm
991 1633 1105 1696 gemacht
1121 1632 1224 1682 werden
1277 1640 1284 1653 '¹

153 1700 223 1749 nicht
251 1700 320 1749 wohl
349 1700 511 1762 einzusehen,
541 1699 664 1750 vielmehr
713 1701 825 1766 kdnntc,
861 1700 901 1751 die
937 1700 1107 1766 epicureischc
1142 1700 1225 1751 Lehre

152 1768 209 1818 sind
234 1768 291 1819 hier
313 1768 353 1818 dio
377 1768 481 1819 Schiiler
504 1769 547 1819 dos
570 1768 664 1835 Epicur
684 1811 686 1814 Α
712 1767 805 1819 kdnnte
829 1768 894 1819 doch
923 1769 992 1820 nicht
1017 1785 1046 1819 so
1070 1767 1225 1834 mengelhell

153 1837 203 1887 und
232 1837 272 1887 die
302 1834 436 1903 Epicureer
464 1837 603 1903 iiherhaupt
632 1853 663 1887 zu
713 1837 780 1900 sein,
810 1839 842 1888 da
870 1837 908 1888 sic
937 1853 966 1888 so
995 1837 1062 1889 viclo
1087 1838 1225 1902 Anhitnger

154 1920 264 1969 neuneu,
285 1905 324 1955 dle
343 1905 446 1970 Madvig
470 1905 503 1955 Im
519 1904 663 1970 Folgcndcn
712 1904 797 1956 fendo,

259 1979 264 1990 ·
489 1974 506 2000 ιι
581 1974 587 1986 ·
777 1980 782 1990 ·
1089 1972 1096 1986 ·
1218 1993 1224 2005 .

153 1974 665 2104 tllill‘dhmrlmllifttthffilhil
714 1979 927 2110 odilam
937 1972 1225 2110 demolita

153 2127 177 2177 p.
205 2112 259 2173 51);
293 2110 426 2174 „Ceterum
456 2117 587 2176 exspectes
615 2126 664 2160 non
715 2118 788 2161 esset.
807 2111 859 2176 vgl.
876 2109 950 2162 'l'usc
968 2110 1011 2175 lv,
1030 2115 1054 2175 3,
1073 2115 1098 2165 6.

153 2196 244 2242 sermo,
261 2180 306 2229 sed
321 2182 428 2242 mmmm,
447 2186 476 2229 ut
492 2180 664 2230 demonstren—
744 2181 841 2243 pedam]
865 2194 892 2229 es
914 2179 950 2230 ist
967 2180 1023 2232 hier
1040 2180 1111 2230 nicht
1133 2180 1225 2231 einmal

154 2247 349 2313 turEpicurei.“
363 2246 672 2313 IlieEpicureerklinncn
715 2247 815 2312 udthig,
839 2248 884 2299 das
901 2247 1004 2312 Suhjcct
1027 2265 1071 2300 aus
1092 2249 1148 2299 dem
1166 2248 1225 2299 Col·
1278 2293 1285 2308 ,

155 2315 217 2367 aber
239 2330 279 2366 em
302 2316 389 2366 hcsten
408 2316 485 2366 durch
502 2320 574 2368 cosm
597 2317 664 2378 (ver·
714 2315 832 2367 lectivum
856 2333 886 2367 zu
911 2320 1071 2381 entnehmen,
1089 2317 1139 2374 wic
1157 2334 1179 2368 z.
1197 2318 1234 2369 B..

156 2384 249 2434 dorhen
279 2401 310 2435 zu
340 2401 411 2447 „emo
437 2384 490 2447 tu‘h
519 2384 665 2434 bezeichnet
715 2386 745 2435 de
769 2390 820 2435 not.
839 2385 906 2435 door.
925 2384 955 2449 Il,
974 2388 998 2449 6,
1026 2390 1071 2449 17,
1096 2386 1157 2436 weil
1178 2386 1225 2443 ¹dm

155 2453 274 2516 werden,
309 2452 465 2518 dicjenigen,
495 2453 591 2503 welche
620 2469 665 2502 zur
715 2452 819 2517 Suhject
835 2453 861 2503 iu
873 2463 963 2516 purant
979 2455 1049 2519 liegt,
1068 2454 1117 2505 wie
1134 2455 1165 2505 de
1183 2455 1224 2505 oli.

156 2521 246 2572 Schule
270 2523 358 2572 dossen
380 2523 504 2586 gelrdren,
535 2521 581 2572 mit
609 2522 665 2572 dem
715 2520 734 2584 l,
749 2524 773 2585 9,
788 2525 835 2576 28:
848 2527 942 2586 nolunt,
959 2523 1018 2587 „die
1034 2523 1115 2574 Lento
1133 2523 1226 2573 wollen

155 2590 259 2654 geredot
274 2590 340 2642 wird
357 2591 416 2655 (ng.
435 2589 464 2655 Il,
483 2593 525 2654 34,
542 2593 590 2642 114
604 2607 628 2640 u.
641 2592 664 2641 d.
715 2591 812 2640 nicht“.

155 2663 234 2710 codri
255 2657 274 2722 I,
301 2663 340 2722 17,
366 2663 430 2722 55.);
456 2659 522 2709 daun
545 2659 601 2709 sind
624 2659 664 2710 die
749 2663 875 2719 laetitiam,
892 2660 922 2709 id
938 2668 975 2714 ⁸eet
993 2660 1142 2722 voluptates]
1172 2660 1225 2724 vgl.

155 2726 288 2792 folgenden
317 2727 461 2779 husdriicke
490 2728 555 2778 noch
583 2727 665 2793 allge-
715 2725 757 2790 ΠΙ,
776 2731 800 2790 4,
827 2730 871 2781 15:
900 2727 1013 2792 equidem
1041 2727 1110 2778 soleo
1139 2728 1225 2792 etium

64 2850 70 2859 ·
155 2795 359 2916 cronon
375 2797 666 2928 torric,
715 2793 1226 2930 ‘'mnrrn

769 2901 776 2928 ,
1220 2904 1226 2916 .

155 2933 210 2983 sich
226 2932 273 2982 mit
286 2932 368 2984 diesen
383 2934 478 2998 Diogen
491 2932 665 3000 (Philosophie)
716 2932 744 2985 C.
769 2934 827 2983 thut
851 2933 904 2982 dies
928 2934 1056 2984 cutweder
1082 2934 1159 2983 durch
1183 2938 1230 2997 „id

156 2999 311 3065 heschiiltigt
328 3003 380 3051 lmt.
405 3002 443 3052 Zu
460 3003 505 3052 der
520 3017 666 3066 ungeuonen
715 3002 781 3064 est“,
794 3001 854 3050 oder
871 3001 948 3050 durch
965 3002 1044 3065 „eel“,
1062 3001 1114 3066 vgl.
1130 3005 1169 3066 12,
1182 3005 1227 3065 42,

157 3068 331 3118 Construction
361 3075 504 3134 „quisquam
528 3087 608 3120 commo
633 3097 665 3105 -
717 3071 777 3120 oder
800 3069 878 3128 durch
902 3069 967 3133 „ot“,
986 3069 1038 3134 rgl.
1056 3073 1080 3134 9,
1099 3073 1141 3124 29.
1176 3071 1228 3121 Des
1259 3075 1263 3082 '

156 3141 201 3204 qui
217 3138 324 3200 caperest
341 3137 393 3202 vgl.
412 3139 443 3188 od
461 3136 518 3188 lom.
536 3137 604 3201 XIII,
626 3141 666 3201 15,
716 3136 795 3188 Wort
823 3140 912 3188 taedia
941 3137 977 3188 ist
1010 3139 1147 3203 cigentlich
1182 3154 1227 3190 zur

160 3209 188 3259 1:
205 3204 247 3255 hio
264 3205 307 3256 illc
325 3211 364 3256 est
382 3206 411 3257 de
426 3205 486 3269 illis,
501 3205 607 3257 maximo
625 3206 667 3272 qui
716 3204 901 3269 Uebersetznng
909 3220 959 3256 von
970 3201 1058 3274 ἡδονή
1065 3208 1226 3271 znschwach,

157 3273 263 3326 irridere
281 3279 355 3340 atque
371 3273 503 3340 obiurgare
521 3289 558 3326 mc
576 3274 665 3325 solitus
683 3320 703 3358 ⁰
716 3278 823 3336 coeptae
839 3290 871 3324 zu
882 3275 961 3338 sturk,
971 3275 1070 3328 wiobei
1082 3293 1128 3327 uns
1142 3275 1226 3338 „Ver-

157 3349 203 3394 cst.
234 3343 264 3393 de
288 3358 324 3393 or.
342 3341 384 3407 Ill,
403 3347 427 3406 4,
449 3346 492 3397 16:
516 3342 538 3393 is
561 3343 611 3395 erit
634 3358 667 3394 ex
717 3341 833 3408 gniigen“
850 3342 901 3393 und
918 3342 1031 3408 ‚,Lust“;
1049 3362 1069 3395 s.
1087 3343 1104 3410 ὃ
1123 3347 1164 3402 29,

157 3411 197 3474 iis,
216 3411 259 3478 qui
275 3418 320 3462 aut
336 3411 394 3462 illos
417 3428 467 3462 non
490 3411 599 3463 audierit
622 3419 667 3462 aut
751 3413 843 3474 optione]
871 3410 982 3464 ironisch
1004 3413 1054 3463 wie
1077 3413 1108 3463 de
1132 3412 1173 3463 oli.
1196 3410 1225 3476 II,

156 3478 269 3530 iudicare
280 3496 329 3530 non
345 3481 433 3547 possit,
451 3481 498 3531 mit
515 3481 561 3532 deu
578 3481 667 3532 besten
718 3483 760 3543 24,
779 3482 811 3532 81
829 3497 853 3529 u.
872 3482 895 3530 t.

157 3547 357 3600 llondschriiten.
392 3549 554 3615 11119194.
586 3547 667 3614 ltr.§
751 3549 881 3612 referatur]
892 3545 1031 3599 auliallend
1042 3548 1076 3598 ist
1087 3548 1132 3598 das
1141 3547 1225 3599 Praes.

157 3619 217 3677 301,
235 3616 265 3667 A.
284 3619 308 3670 2.
718 3615 788 3681 Conj.
812 3617 838 3666 iu
862 3617 916 3667 dem
939 3615 1078 3669 Satze·mit
1095 3617 1151 3667 dem
1168 3616 1225 3683 Imp.

192 3688 226 3736 m
244 3688 310 3751 quod
324 3690 449 3749 quaeratur
466 3703 540 3748 caepe,
558 3702 602 3737 cur
619 3695 667 3736 tam
718 3684 789 3748 CouJ.

157 3758 228 3806 mrem
243 3759 292 3806 sim
308 3751 349 3817 n]
368 3752 439 3816 „Uod
456 3769 509 3804 was
527 3755 572 3805 dus
590 3753 667 3804 unhe-
731 3800 733 3803 ,
753 3757 794 3807 26.
812 3757 925 3806 mevinec
940 3781 972 3790 -
988 3754 1136 3815 immor]
1154 3751 1226 3804 Mnu-

157 3823 237 3887 ntur,
261 3824 318 3874 dass
342 3838 398 3872 mon
418 3820 668 3887 ohlmgt,waru1n
718 3822 760 3886 gel
788 3837 820 3872 an
846 3820 1101 3873 wissenschnhlicher
1123 3821 1229 3886 Bildnng

158 3905 186 3941 es
204 3919 237 3928 -
254 3893 324 3956 gelre,
343 3907 370 3942 so
389 3892 448 3941 -“.
478 3891 526 3942 Illit
541 3901 563 3942 et
579 3889 668 3958 kniiplt
718 3891 805 3942 wurde
834 3891 889 3941 dem
916 3891 1010 3958 Epicur
1038 3888 1076 3940 oft
1104 3891 1155 3940 und
1182 3889 1229 3940 urit
