2632 4516
160 249 204 313 52
515 248 550 300 u.
567 247 675 301 runnu
693 247 864 300 crcnnoms
956 247 959 251 ’

163 405 288 477 stitione,
310 405 470 465 liberamur
492 404 596 464 mortis
619 412 708 476 metu,
731 421 793 464 non
815 403 1028 465 conturbamur
1048 403 1237 482 ignoratione

162 507 273 562 rerum,
295 509 311 549 e
334 508 391 568 qua
413 491 476 568 ipsa
498 489 652 549 horribiles
669 489 814 549 exsistunt
833 507 919 567 saepe
932 489 1124 561 formidinem
1147 489 1236 549 deni-

162 593 220 653 que
242 576 327 635 etiam
350 575 456 635 morati
471 574 573 634 melius
588 575 709 647 erimus,
731 592 800 634 curn
815 574 1012 646 didicerimus,
1035 574 1105 653 quid
1129 582 1234 634 natura

154 660 315 720 desideret.
362 661 441 720 Turn
462 678 543 732 vero,
565 660 590 721 si
612 658 743 720 stabilem
760 660 909 720 scientiam
932 677 1033 720 rerum
1055 658 1236 731 tenebimus,-

154 755 274 806 servata
302 745 358 816 illa,
389 763 464 823 quae
493 745 577 822 qnasi
607 744 723 822 delapsa
752 745 788 804 de
810 744 890 804 caelo
913 752 957 806 est
978 744 1013 804 ad
1033 744 1234 822 cognitionem

163 832 307 903 omnium,
335 830 445 908 regula,
472 829 508 889 ad
539 847 628 907 quam
658 830 755 890 omnia
787 830 894 890 iudicia
923 847 1024 890 rerunt
1062 829 1237 908 dirigentur,

162 933 316 993 nunquam
339 915 427 975 ullius
443 915 575 974 oratione
597 915 664 975 victi
686 914 827 976 sententia
841 915 1024 975 desistemus.
1057 914 1119 975 Nisi
1134 925 1233 975 autern

116 1008 150 1058 64
163 1019 265 1062 rerum
287 1008 390 1060 natura
412 1007 564 1078 perspecta
586 1000 649 1072 erit,
667 1001 749 1060 nullo
780 1000 869 1059 modo
899 999 1062 1078 poterimus
1089 1017 1234 1060 sensuum

162 1085 267 1145 indicia
290 1084 458 1144 defendere.
507 1084 653 1163 Quicquid
676 1103 766 1164 porro
789 1085 887 1144 animo
911 1084 1069 1157 cernimus,
1090 1084 1120 1144 id
1143 1101 1235 1144 omne

164 1171 258 1231 oritur
280 1187 296 1229 a
319 1170 463 1241 sensibus,
486 1170 537 1248 qui
566 1171 590 1230 si
620 1188 724 1230 omnes
745 1170 808 1230 veri
830 1179 926 1243 erunt,
955 1178 989 1230 ut
1016 1169 1137 1247 Epicuri
1159 1170 1232 1230 ratio

163 1255 257 1328 docet,
278 1264 342 1315 tum
361 1255 487 1333 denique
516 1255 624 1332 poterit
646 1255 759 1333 aliquid
787 1255 925 1334 cognosci
951 1263 979 1315 et
1005 1254 1134 1333 percipi3
1157 1271 1236 1332 quos

163 1341 215 1418 qui
236 1340 342 1400 tollunt
364 1348 392 1400 et
413 1340 486 1399 nibil
507 1357 594 1418 posse
623 1341 735 1418 percipi
757 1341 866 1413 dicunt,
895 1340 925 1399 hi
953 1340 1074 1428 remotis
1096 1339 1234 1400 sensibus

163 1443 200 1485 ne
223 1425 252 1485 id
273 1426 372 1503 ipsum
395 1425 516 1507 quidem
538 1425 676 1503 expedire
698 1434 831 1504 possunt,
854 1425 935 1502 quod
952 1424 1109 1486 disserunt.
1141 1424 1235 1484 Prae-

153 1520 241 1570 terea
265 1510 376 1569 sublata
398 1510 567 1588 cognitione
586 1518 616 1569 et
636 1510 754 1571 scientia
776 1511 886 1571 tollitur
900 1509 997 1570 omnis
1019 1510 1091 1570 ratio
1116 1517 1145 1569 et
1159 1509 1235 1570 vitoe

164 1594 311 1673 degendae
334 1602 362 1654 et
382 1612 484 1654 rerum
507 1594 711 1673 gerendarum.
754 1595 802 1656 Sic
831 1614 846 1655 e
876 1595 1004 1674 physicis
1034 1602 1062 1655 et
1091 1594 1236 1655 fortitudo

163 1680 291 1741 sumitur
321 1687 422 1740 contra
452 1680 555 1740 mortis
583 1680 721 1741 timorem
750 1689 778 1741 et
806 1681 968 1741 constantia
997 1687 1099 1740 contra
1120 1689 1234 1741 metum

163 1764 311 1843 religionis
335 1773 363 1824 et
384 1764 494 1824 sedatio
516 1765 606 1825 animi
627 1766 761 1826 omniurn
783 1784 885 1825 rerum
908 1765 1089 1825 occultarum
1111 1764 1234 1842 ignora·

151 1849 242 1909 tione
272 1848 383 1910 sublata
408 1857 437 1910 et
466 1849 627 1911 moderatio
657 1860 761 1912 natura
789 1851 980 1930 cupiditatum
1015 1849 1235 1929 generibusque

196 2051 585 2114 chncero,eimlllcmeo.oct.]
602 2050 671 2117 llpic.
721 2049 892 2102 venerisne
915 2049 987 2104 falsis
1010 2065 1081 2117 posse
1104 2049 1235 2115 distingui,

161 2125 219 2182 sagt
248 2134 286 2168 arn
310 2118 382 2170 Ende
408 2120 491 2170 soines
514 2118 609 2170 Brittios
638 2134 671 2169 un
721 2119 763 2184 qui
779 2119 1004 2185 poteruntlongr'us
1017 2118 1142 2185 progredi.
1166 2117 1235 2186 Epic.

161 2186 301 2236 Herodotus
319 2187 390 2251 Diog.
408 2187 437 2238 L.
455 2188 495 2252 X,
515 2190 562 2240 83:
585 2184 670 2239 ταῦιοί
722 2183 780 2257 κύρ.
804 2183 861 2248 δόξ.
885 2191 927 2240 24.
962 2184 1032 2252 Diog.
1057 2186 1086 2239 L
1104 2187 1145 2251 X,
1172 2190 1234 2241 146:

162 2268 214 2315 σοι,
232 2248 254 2305 ὦ
270 2250 416 2322 Ἡρόδοτε,
438 2254 497 2306 ἔστι
514 2257 671 2325 κεφαλαια·
721 2259 758 2308 El
774 2250 849 2327 μάχῃ
865 2251 968 2314 ἶιάσαις
985 2260 1045 2314 ταῖς
1062 2251 1236 2323 αἰσθήσεσιν,

67 2382 70 2387 ,
161 2320 279 2375 demota
296 2320 368 2393 ὑπὲρ
393 2323 437 2387 τῆς
452 2323 506 2377 τῶν
522 2321 597 2377 ὅλων
616 2321 671 2393 ‹pd-
722 2320 775 2393 οὐχ
792 2321 859 2384 ἕξεις
875 2320 938 2376 οὐδ’
966 2316 998 2381 lle
1015 2321 1052 2377 ιῖν
1071 2321 1163 2378 αὐτῶν
1181 2326 1237 2396 φῇς

162 2405 230 2449 oenc
249 2391 463 2464 ἔπιτειμημένα·
487 2391 549 2454 stes
570 2389 606 2446 ἂν
625 2395 670 2460 γέ·
721 2393 895 2461 διεψεῦσθαι,
925 2391 995 2465 πρὸς
1010 2393 1046 2458 Ιιί
1065 2389 1237 2462 ποιούμενος

160 2475 236 2512 νοιτο
261 2447 340 2519 οὗτος
357 2457 372 2512 ὁ
391 2458 473 2529 λόγος
490 2460 609 2520 δυνατὸς
625 2464 671 2514 καὶ
721 2460 772 2529 τὴν
788 2459 939 2531 ἀναγωγὴν
956 2464 1058 2534 κρίνῃς.

160 2532 342 2596 κατασχεθείη
348 2529 419 2603 μετὰ
429 2527 575 2600 ἀκριβείας,
584 2529 672 2599 οἶμαι,
755 2535 784 2583 bi
799 2535 895 2583 remotis
915 2533 971 2594 cet]
987 2535 1016 2583 Ιιι·
1031 2530 1077 2582 rnit
1094 2532 1142 2582 den
1157 2531 1234 2591 vatic.

161 2597 211 2651 ἐὰν
227 2598 267 2667 μὴ
285 2602 331 2651 καὶ
351 2596 420 2667 πρὸς
438 2596 550 2654 ἅπαντα
570 2600 671 2672 βαδίσῃ
713 2599 912 2651 llandschrilten
926 2599 1034 2663 nicbtc'i,
1048 2601 1080 2649 da
1092 2600 1235 2651 bestimmte

159 2685 199 2725 τις
212 2667 268 2720 τῶν
279 2667 348 2721 κατὰ
363 2670 448 2740 μέρος
459 2666 671 2741 ἀκριβωμάτων,
722 2668 815 2733 lente,
846 2670 887 2719 die
915 2667 1094 2732 Academike‘r‚
1126 2668 1237 2732 gemeint

160 2731 328 2823 ἀσύγκριτον
346 2736 431 2790 αὐτὸν
448 2738 519 2806 πρὸς
534 2739 599 2798 τοὺς
614 2740 672 2790 λοι·
721 2737 785 2789 sind.

160 2805 231 2863 ποὺς
248 2803 417 2874 ανθρώπους
433 2804 569 2878 ἁδρότηια
588 2807 671 2876 dejure-
756 2809 797 2858 Sic
820 2805 960 2868 ephyren
985 2805 1042 2868 cet]
1087 2804 1140 2864 Der
1167 2811 1235 2856 erote

161 2879 228 2926 σθαι
245 2875 302 2927 κτλ.
722 2875 782 2926 Satn
805 2874 843 2924 bis
871 2877 984 2936 ιαροιίιίι
1010 2872 1151 2938 entspricbt
1180 2872 1235 2924 dem

194 2946 285 3008 regula]
312 2943 384 3008 Diog.
415 2943 443 2994 L.
466 2944 506 3009 X,
530 2948 576 2998 27:
606 2944 672 3013 περὶ
721 2959 776 2993 was
793 2943 827 2992 i1n
844 2943 949 3007 vorigen
967 2941 984 3008 ᾖ
1001 2942 1063 2992 iiber
1080 2940 1235 2993 denNntren

160 3016 300 3080 κριτηρίου
319 3007 336 3077 ἢ
354 3009 454 3066 κανών.
484 3014 515 3063 de
533 3020 584 3064 nat.
603 3015 671 3065 deor.
722 3013 767 3063 der
784 3010 880 3077 Physik
898 3017 987 3076 gesagt
1008 3010 1058 3075 ist,
1082 3010 1128 3061 der
1144 3011 1235 3061 zweite

160 3077 185 3142 Ι,
213 3082 257 3143 16,
281 3081 314 3132 43
343 3087 400 3143 sagr
419 3080 546 3132 Velleius:
570 3097 603 3133 ex
626 3082 671 3131 ille
722 3090 756 3143 ct,
775 3090 802 3131 ut
818 3084 886 3130 modo
905 3107 937 3116 -
956 3083 1074 3142 traditur,
1092 3080 1163 3142 dem,
1181 3093 1234 3129 was

159 3147 264 3198 coelesti
272 3147 375 3214 Epicuri
386 3149 417 3198 de
430 3149 518 3212 regula
535 3156 562 3199 et
579 3150 671 3200 iudicio
722 3149 780 3198 dort
807 3163 858 3197 von
887 3149 932 3197 der
961 3154 1044 3214 regula
1072 3154 1164 3212 geogr
1191 3148 1234 3198 ist.

160 3216 293 3267 volumine.
722 3221 813 3282 Rapum
823 3216 858 3266 ist
870 3216 1036 3280 derAblativ,
1055 3216 1107 3280 vgl.
1120 3217 1152 3266 de
1165 3232 1202 3266 or.
1215 3215 1233 3279 l,

194 3289 235 3339 64.
253 3288 326 3350 quisi
333 3302 412 3336 omme
422 3289 475 3336 ceri
483 3287 562 3349 amnt]
574 3285 626 3350 vgl.
640 3302 672 3336 zu
723 3288 764 3348 ὅθ,
783 3287 833 3337 247
840 3302 846 3333 ε
863 3285 981 3351 putabam
994 3285 1114 3336 virtutem
1127 3284 1234 3335 bonini-

160 3370 181 3403 c.
200 3358 231 3416 'l,
253 3357 293 3407 22.
323 3356 352 3404 de
370 3361 422 3404 nat.
440 3352 551 3418 deor.'l,
571 3357 613 3417 25,
631 3358 671 3409 ld.
722 3355 768 3405 bus
786 3353 816 3415 (si
838 3354 911 3403 modo
934 3354 1002 3405 trudi
1024 3353 1123 3404 ratione
1145 3353 1234 3421 possit)

194 3439 254 3486 quor
267 3424 415 3487 quitollunt]
431 3425 491 3474 sehr
504 3422 671 3474 kurzerAus-
710 3421 873 3473 instituendo
908 3428 934 3473 ct
964 3422 1149 3489 persuadendo,
1184 3437 1235 3472 ιοιι

160 3490 237 3540 drnck
254 3492 312 3552 „die
330 3491 486 3556 Ricbtiglreit
503 3491 671 3542 odeanver-
721 3491 794 3541 minis
812 3498 839 3542 et
856 3491 883 3540 vi
900 3498 1016 3543 uermetu
1038 3489 1118 3555 tradi3
1138 3489 1234 3554 ‚,dnrelr

158 3557 293 3622 liissigleit
327 3561 372 3610 der
402 3560 541 3611 sinnllchen
572 3559 670 3611 Wnbr-
721 3561 762 3611 die
779 3564 863 3625 regola
879 3561 929 3610 und
946 3561 993 3610 das
1009 3575 1059 3609 von
1076 3558 1235 3610 ebendieser

159 3629 313 3691 nebmungen
342 3629 466 3693 leuguen‘f
498 3628 558 3695 (vgl.
588 3627 606 3694 ἦ
629 3631 670 3681 72.
720 3627 982 3694 repolafestgestellte
990 3626 1234 3692 Urtlreilffiingnlar,

159 3711 187 3746 se
204 3695 230 3746 in
248 3696 326 3745 astris
343 3699 495 3762 conterere),
513 3712 540 3748 es
557 3697 613 3747 sind
629 3698 670 3748 die
720 3697 771 3748 wic
787 3697 836 3746 wir
852 3712 942 3761 sagon:
966 3696 1025 3761 „ein
1042 3694 1134 3759 fomes,
1152 3694 1234 3761 gentl-

160 3764 324 3815 Aoademiker
352 3765 474 3829 gemeint,
511 3781 561 3816 von
591 3766 671 3815 denen
722 3767 792 3816 detes
810 3763 909 3817 Urtbeil
925 3766 1015 3828 haben,
1032 3765 1073 3816 die
1088 3763 1234 3829 ntffigkeit,

160 3832 211 3882 Cic.
229 3833 299 3883 acad.
317 3831 353 3897 ll,
375 3836 419 3896 14,
438 3837 472 3887 44
488 3834 536 3884 den
554 3832 672 3884 Lucullus
722 3849 767 3884 ans
797 3835 842 3884 der
872 3834 912 3886 die
948 3834 1078 3885 einzelnen
1109 3833 1234 3898 richtigen

159 3916 236 3964 sagon
260 3902 336 3952 liisst:
369 3901 413 3952 Sin
439 3909 522 3952 numm
546 3903 672 3966 nembunt
722 3901 836 3954 Urtheile
860 3903 1032 3968 hervorgehen
1058 3902 1109 3968 vgl
1127 3900 1156 3967 ιθ
1185 3903 1232 3954 dd:
