2634 4478
150 263 195 328 60
356 341 358 345 ι
508 259 543 313 na
565 258 675 312 runnu
691 257 871 314 clcnnoms.

151 419 183 479 in
213 417 294 478 omni
314 412 520 496 ldisputatione
548 415 578 476 id
608 416 672 476 fieri
694 423 846 494 oportere;
870 416 921 476 sed
951 414 1032 493 quod
1054 415 1226 493 proximum

153 504 209 565 fuit
229 520 292 562 non
311 501 397 562 vidit:
420 510 506 580 negat
527 502 606 561 enim
629 500 744 571 definiri
765 519 830 560 rern
850 500 974 578 placere,
996 500 1060 578 sine
1081 501 1227 578 quottieri

151 589 303 650 interdum
325 605 387 647 non
409 594 513 664 potest,
543 594 576 646 ut
596 585 673 646 inter
702 604 762 657 eos,
791 585 843 663 qui
872 585 1032 664 ambigunt,
1062 586 1226 656 conseruat,

154 673 224 752 quid
249 673 286 733 sit
307 672 346 744 id,
368 672 405 732 de
428 689 487 749 quo
510 678 627 750 agatur3
657 671 737 731 velut
758 671 790 730 in
819 671 877 730 hoc
903 671 979 748 ipso,
1002 670 1043 730 de.
1060 686 1121 748 quo
1144 688 1226 731 nunc

153 759 346 837 disputamus.
397 756 574 829 Quaerimus
603 756 682 816 enim
712 757 801 816 finem
830 755 995 828 honorum3
1024 773 1226 833 possumusne

153 844 210 902 hoc
239 843 322 903 scire
344 841 429 918 quale
450 841 496 914 sit,
524 841 580 901 nisi
609 841 821 901 contulerimus
843 840 1006 912 internos,
1035 858 1106 902 cum
1134 841 1226 901 linem

152 929 303 990 honorum
325 927 495 998 dixerimus,
518 926 588 1004 quid
611 926 686 998 finis,
709 926 781 1004 quid
802 926 889 985 etiam
911 925 950 986 sit
968 926 1070 1003 ipsum
1086 923 1227 987 bonum?

123 1013 243 1091 edtqui
259 1012 330 1072 haec
352 1011 505 1089 patefactio
528 1011 612 1089 quasi
628 1029 730 1071 rerum
753 1019 933 1090 opertarum,
950 1028 1018 1070 curn
1037 1010 1112 1089 ⁴quid
1135 1011 1225 1088 quid·

154 1116 212 1176 que
234 1097 271 1157 sit
292 1096 431 1174 aperitur,
454 1096 582 1156 definitio
599 1104 651 1168 est,
671 1114 728 1174 qua
749 1104 782 1156 tu
805 1095 892 1156 etiam
907 1095 1082 1174 imprudens
1104 1095 1226 1156 utebare

152 1201 215 1243 non
239 1199 409 1260 nunquam3
440 1199 509 1241 nam
538 1182 620 1241 hunc
644 1181 744 1259 ipsum
760 1181 834 1253 ¹sive
863 1181 953 1240 linem
975 1181 1037 1241 sire
1058 1187 1226 1242 extremum

153 1268 213 1328 sive
235 1267 373 1327 ultimum
395 1266 553 1327 definiebas
575 1267 604 1325 id
622 1284 695 1339 esse,
717 1283 778 1343 quo
799 1267 908 1338 omnia,
928 1283 1003 1343 quae
1019 1273 1099 1326 recte
1112 1266 1226 1336 fierent,

152 1355 345 1423 referrentur,
366 1368 463 1428 neque
484 1351 515 1411 id
536 1351 635 1429 ipsum
658 1368 785 1428 usquam
805 1353 974 1411 referretur.
1002 1349 1154 1411 Praeclare
1169 1351 1227 1411 hoc

84 1450 87 1459 ’
154 1438 283 1515 quidem.
328 1436 445 1496 Bonum
474 1436 573 1514 ipsurn
603 1436 689 1496 etiarn
719 1435 789 1513 quid
820 1443 904 1507 esset,
932 1437 1066 1509 fortasse,
1095 1436 1121 1496 si
1150 1454 1227 1514 opus

47 1574 50 1581 .
154 1523 265 1593 luisset,
288 1521 440 1581 definisses
461 1529 511 1581 aut
533 1520 613 1598 quod
636 1527 713 1580 esset
734 1529 838 1580 natura
859 1521 1058 1599 appetendum
1074 1529 1125 1581 aut
1142 1520 1225 1598 quod

153 1607 307 1686 prodesset
323 1613 373 1665 aut
393 1606 474 1684 quod
492 1605 606 1666 iuvaret
618 1613 668 1664 aut
690 1606 770 1682 quod
783 1605 886 1666 liberet
900 1605 999 1665 modo.
1028 1606 1115 1666 Nunc
1136 1605 1226 1677 idem,

153 1691 211 1752 nisi
232 1691 390 1751 molestum
413 1698 465 1764 est,
487 1691 628 1768 quoniam
649 1688 701 1751 tibi
723 1708 784 1750 non
808 1691 931 1750 omnino
953 1690 1084 1768 displicet
1103 1690 1227 1751 datiane

154 1785 183 1837 et
203 1776 233 1836 id
256 1776 336 1848 facis,
359 1794 427 1836 cum
449 1775 502 1848 vis,
525 1775 613 1835 velim
635 1775 764 1849 definias,
787 1775 858 1853 quid
881 1775 917 1836 sit
938 1775 1082 1854 voluptas,
1105 1775 1143 1835 de
1164 1792 1226 1854 quo

154 1861 251 1922 omnis
268 1861 340 1922 haec
362 1861 493 1938 quaestio
516 1869 568 1921 est.

72 1973 78 1988 ·
122 1965 141 2014 a
240 1947 321 2020 Quis,
351 1964 470 2024 quaeso,
492 1946 596 2023 inquit,
614 1953 658 2006 est
686 1946 746 2024 qui,
769 1945 839 2023 quid
867 1945 905 2006 sit
933 1945 1077 2024 voluptas
1107 1945 1225 2016 nesciat,

154 2040 204 2092 aut
218 2032 278 2109 qui,
296 2049 356 2109 quo
377 2031 469 2110 magis
485 2031 514 2090 id
528 2030 681 2110 intellegat,
697 2030 897 2092 definitionem
915 2030 1042 2109 aliquam
1057 2027 1226 2092 desideret?

238 2117 285 2176 Me
300 2117 399 2194 ipsum
414 2135 488 2187 esse,
511 2115 647 2186 dicerem,
663 2116 794 2193 inquam,
816 2116 873 2175 nisi
895 2115 967 2175 mihi
988 2115 1105 2175 viderer
1119 2115 1226 2176 habere

154 2200 229 2260 bene
252 2200 397 2278 cognitam
420 2201 598 2277 voluptatem
621 2209 650 2260 et
667 2201 735 2260 satis
757 2201 842 2260 firme
864 2208 1045 2281 conceptam¹
1058 2201 1158 2260 animo
1179 2209 1225 2260 at·

154 2303 212 2364 que
235 2285 489 2362 comprehensam.
520 2284 606 2356 Nunc
619 2293 717 2346 autem
732 2285 797 2367 dico
820 2285 918 2363 ipsum
934 2285 1226 2365 Epicurum'nescire

153 2379 182 2431 et
201 2370 233 2431 iu
256 2388 291 2430 eo
315 2379 428 2441 nutare,
450 2387 587 2447 eumque,
611 2369 662 2449 qui
684 2369 788 2435 crebro
811 2370 886 2431 dicat
907 2368 1067 2448 'diligenter
1089 2377 1226 2448 oportere

187 2484 582 2551 5.paresaa2·0]ncat.11,14‚4a:
595 2502 663 2537 cum-
714 2487 808 2552 genam
824 2503 856 2537 nn
873 2487 968 2549 halen,
994 2487 1026 2536 da
1049 2492 1170 2537 ornator
1186 2503 1227 2538 oo-

153 2571 200 2622 que
216 2555 271 2623 ipsa
289 2561 381 2606 natura
397 2561 531 2606 accuratae
542 2555 663 2605 orationis
714 2559 793 2617 loprae
809 2555 868 2606 bald
882 2555 922 2606 die
934 2554 1227 2620 mgonahmellrregung

151 2625 200 2674 hoc
216 2624 376 2691 profiteatur,
394 2638 422 2675 se
438 2623 533 2688 aliquid
549 2623 664 2690 patefac·
714 2626 760 2676 der
771 2623 847 2675 Sinna
864 2625 989 2686 vorstede,
1007 2623 1058 2674 wia
1069 2623 1120 2674 alle
1132 2625 1227 2674 andern

150 2699 243 2758 turam,
261 2693 326 2758 quod
344 2709 392 2742 non
410 2699 537 2760 appareat.
714 2692 855 2755 Messenen,
874 2710 898 2742 u.
917 2691 969 2743 dics
987 2693 1032 2742 das
1052 2693 1156 2743 hdclrste
1173 2691 1227 2743 Gnt

186 2763 334 2824 ιἰιιιιιιιιὶιιιι]
359 2761 591 2826 ,‚nnwillkiirlich“.
626 2776 663 2812 or.
714 2771 802 2824 nanno,
821 2761 880 2812 bald
893 2761 954 2812 aber
965 2760 1019 2812 dies
1029 2759 1125 2812 wieder
1142 2760 1168 2810 in
1186 2760 1226 2812 dia

154 2832 200 2894 56,
227 2833 289 2882 190:
316 2829 357 2879 hie
374 2837 501 2880 corrector
518 2830 544 2879 in
562 2845 591 2881 eo
609 2829 663 2898 ipso
714 2829 951 2894 Schmcrzlosigkoit
966 2835 1048 2892 setam
1066 2843 1093 2880 os
1110 2828 1149 2879 sel
1165 2829 1227 2880 abor

151 2897 207 2947 loco
236 2925 270 2934 -
302 2897 414 2948 immittit
442 2898 582 2964 imprudens
611 2897 663 2966 ipse
714 2899 755 2948 ein
772 2913 873 2962 grosser
890 2897 1066 2961 Untorsclriatl,
1085 2897 1169 2948 indam
1187 2898 1227 2949 dio

151 2965 285 3016 senarium.
713 2967 820 3017 letatere
837 2967 863 3016 in
881 2965 1008 3017 derllltte
1019 2965 1084 3030 lisso
1098 2965 1227 3017 misnen

186 3034 321 3098 daflna'edcr]
339 3032 358 3095 Ι,
380 3036 418 3096 12,
438 3036 480 3086 42.
713 3040 823 3098 voluptas
833 3052 857 3085 u.
870 3039 944 3090 dolor.
968 3033 1111 3100 Torquatus
1122 3034 1227 3100 languet

151 3102 664 3224 ,scama”mrtttmr
1062 3101 1228 3235 mma

371 3207 376 3218 ¹
470 3207 488 3236 ⁸,
530 3207 537 3233 l
591 3208 597 3233 l
657 3207 663 3219 ‘
1051 3209 1057 3223 ⁹
1221 3210 1226 3222 ¹

151 3238 215 3288 nihil
245 3237 309 3290 enim
338 3251 494 3303 quemquam,
525 3237 574 3288 nisi
599 3239 664 3304 quod
715 3240 742 3291 C.
760 3240 834 3290 sucht
851 3239 895 3290 ilrn
911 3239 958 3289 mit
972 3239 1115 3291 diosarllalr
1195 3256 1228 3305 ng

151 3307 250 3371 lubeat,
277 3307 406 3374 praeclara
424 3303 508 3356 lacere
524 3322 605 3372 posse.
623 3308 663 3357 ad.
714 3308 740 3359 in
758 3307 956 3374 Widerspriiche
973 3325 1005 3359 zu
1023 3307 1135 3359 verwlck
1180 3347 1186 3359 .

151 3375 209 3426 lam.
228 3375 247 3439 1,
267 3380 290 3438 7,
309 3379 333 3428 l.
749 3379 774 3429 6.
796 3377 861 3439 oua,
878 3377 973 3440 quaero]
990 3375 1130 3442 Allganrcir
1147 3391 1227 3443 ange-

186 3449 248 3494 idean
266 3472 296 3482 -
317 3444 426 3507 aestum]
450 3442 558 3506 „anch“.
582 3444 614 3492 ad
634 3442 663 3508 Q.
715 3459 843 3494 dammone
859 3445 1050 3511 Verbesserung
1075 3460 1100 3496 v.
1118 3443 1228 3508 Gdranz,

151 3511 183 3562 l'r.
202 3511 221 3575 l,
241 3514 265 3573 3,
284 3516 318 3565 l:-
346 3511 404 3562 dedi
419 3511 520 3562 litteras
537 3511 570 3561 ad
586 3518 613 3561 te
630 3539 664 3548 —-
714 3517 1090 3581 stattquirqoaaqqutaquam
1107 3515 1228 3566 madar

151 3581 177 3630 in
195 3579 282 3645 quibus
300 3580 364 3630 idem
383 3587 410 3630 te
426 3580 516 3630 hortor
532 3585 579 3630 e'et.
714 3580 916 3633 Handscltrilten.
964 3581 1023 3644 ,ich
1051 3582 1116 3633 bitte
1139 3582 1227 3632 dient‘

186 3651 242 3709 cap.
265 3649 309 3713 II,
331 3651 347 3701 6
366 3675 399 3686 -
421 3651 450 3712 V,
476 3650 515 3700 tt.
551 3646 604 3697 aar
623 3648 663 3698 die
714 3650 740 3699 in
764 3650 936 3701 rhetorischen
959 3649 1066 3714 Fragor.
1102 3651 1129 3701 in
1152 3648 1227 3704 Verr.

89 3739 91 3744 ·
152 3716 391 3782 Gegenbemtrkung
407 3717 451 3767 des
468 3716 618 3782 Torquatus,
637 3732 664 3767 cs
715 3718 771 3768 Act.
790 3718 814 3781 I,
836 3722 880 3782 10,
900 3720 947 3771 28:
973 3718 1032 3784 quid
1054 3726 1108 3783 est,
1126 3733 1227 3786 quaeso,

151 3783 255 3836 badiirle
272 3784 339 3834 wohl
358 3784 445 3835 leinor
462 3784 596 3835 Definition
613 3801 661 3834 von
715 3786 831 3849 metelle,
857 3785 975 3837 iudicium
1001 3802 1174 3855 corrumpere,
1205 3788 1228 3839 sl

150 3858 271 3919 comptas,
301 3858 358 3917 sagt
382 3852 424 3916 C.,
448 3852 541 3919 Epicur
564 3853 661 3904 scheid„
778 3871 825 3892 ner
853 3857 900 3905 nt?
1102 3868 1104 3873 ·
1148 3901 1151 3905 ,

152 3922 230 3960 calbo*
243 3922 315 3970 bima
330 3936 425 3969 20.an
434 3921 568 3971 ssnflpih’nn
581 3923 619 3960 rlw
637 3938 661 3960 nr·
753 3943 767 3972 ι,
855 3925 929 3960 „ama-¹
947 3923 978 3973 {0
994 3929 1038 3960 μθ
1058 3921 1172 3980 ἧφι,
1183 3924 1238 3988 m.
