2634 4478
151 253 194 318 42
514 251 548 304 ll
564 249 674 316 TULLII
691 248 863 302 CICERONIS

151 406 435 486 temperantiamque
457 407 666 485 expetendam,
688 423 751 466 non
773 405 841 484 quia
863 404 1028 484 voluptates
1050 403 1151 482 fugiat,
1176 403 1232 464 sed

153 494 222 571 quia
245 492 370 553 maiores
393 500 602 569 consequatur.

238 577 348 638 Eadem
370 577 551 637 fortitudinis
573 576 647 637 ratio
668 575 841 654 reperietur.
874 575 948 636 Nam
970 591 1068 652 neque
1088 573 1230 634 laborum

106 644 138 696 49
152 663 320 742 perfunctio
350 679 449 739 neque
470 662 622 740 perpessio
644 661 783 721 dolorum
805 678 859 739 per
886 678 918 720 se
944 660 1008 738 ipsa
1029 658 1141 732 adficit,
1172 677 1232 720 neo

152 748 288 827 patientia
317 764 373 806 nec
401 746 559 807 adsiduitas
587 764 643 805 nec
663 746 775 824 vigiliae
799 763 856 805 nec
881 745 961 823 ipsa,
983 762 1059 822 quae
1078 744 1229 815 laudatur,

152 833 306 905 industiia,
324 849 363 892 nc
380 830 521 892 fortitudo
538 831 668 909 quidem,
688 830 741 891 sed
760 831 815 891 ista
836 831 999 908 sequimur,
1022 837 1056 890 ut
1075 828 1140 890 sine
1155 847 1233 890 cura

153 925 294 996 metuque
320 917 454 976 vivamus
483 916 675 994 animumque
703 923 734 976 et
766 933 892 993 corpus,
926 922 1072 993 qnantum
1108 913 1231 975 efficere

152 1003 317 1082 possimus,
343 1001 475 1061 molestia
495 1001 665 1062 liberemus.
707 1001 746 1062 Ut
774 1000 854 1060 enim
884 998 989 1060 mortis
1018 1008 1098 1059 metu
1128 999 1231 1060 omnis

154 1087 268 1165 quietae
293 1086 367 1146 vitae
396 1093 487 1147 status
515 1085 703 1164 perturbatm·
732 1094 762 1145 et
789 1093 823 1146 ut
853 1084 1047 1145 succumbere
1073 1083 1230 1145 doloribus

154 1189 265 1250 eosque
286 1171 391 1232 humili
412 1170 511 1232 animo
533 1171 730 1248 inbecilloque
752 1172 830 1230 ferre
853 1169 996 1230 miserum
1017 1178 1070 1241 eet,
1088 1168 1128 1228 ob
1144 1187 1230 1230 eam·

153 1275 212 1335 que
234 1255 411 1317 debilitatem
433 1256 524 1316 animi
545 1256 629 1317 multi
651 1264 796 1335 parentes,
818 1255 902 1315 multi
924 1255 1043 1327 amicos,
1069 1271 1132 1314 non
1154 1254 1231 1314 nulli

62 1404 65 1419 ,
153 1342 290 1420 patriam,
317 1341 450 1420 plerique
471 1349 570 1403 autem
591 1359 624 1402 se
643 1341 725 1419 ipsos
747 1341 865 1418 penitus
887 1339 1088 1418 perdiderunt,
1110 1339 1153 1399 sic
1175 1358 1231 1398 ro·

153 1427 259 1488 bustus
281 1426 397 1486 animus
420 1434 450 1487 et
470 1426 603 1487 excelsus
625 1425 707 1486 omni
729 1433 773 1485 est
793 1425 867 1485 liber
883 1442 954 1485 cura
973 1432 1136 1502 clangore,
1159 1442 1232 1485 eum

154 1520 183 1572 et
204 1518 331 1571 mortem
359 1511 536 1582 contemnit,
564 1528 622 1588 qua
644 1511 696 1588 qui
717 1509 823 1570 adfecti
844 1519 928 1581 sunt,
957 1508 989 1568 in
1016 1508 1120 1570 eadem
1140 1526 1232 1570 causa

153 1604 224 1656 sunt
239 1613 297 1674 qua
311 1605 379 1655 ante
399 1613 489 1673 quam
508 1595 577 1668 nati,
595 1603 623 1656 et
640 1594 811 1655 addolores
833 1595 871 1654 ita
892 1602 1011 1672 paratus
1032 1602 1085 1666 est,
1107 1603 1141 1654 ut
1163 1613 1231 1654 me-

153 1681 273 1741 minerit
294 1680 438 1740 maximos
457 1689 553 1741 morte
574 1679 668 1752 liniri,
691 1698 798 1759 parvos
827 1680 918 1739 multa
946 1679 1055 1740 habere
1076 1678 1231 1740 intervalla

153 1765 302 1843 requietis
324 1765 519 1826 mediocrium
540 1783 596 1825 nos
613 1783 678 1825 esse
696 1765 840 1837 dominos,
856 1773 898 1836 ut,
919 1764 944 1825 si
966 1763 1141 1825 tollerabiles
1158 1764 1240 1838 sint,

154 1853 298 1922 feramus,
322 1850 347 1910 si
369 1848 484 1922 minus,
505 1848 604 1912 animo
627 1867 722 1928 aequo
745 1868 761 1909 e
783 1850 855 1921 vita,
877 1866 946 1909 curn
969 1867 1002 1909 ea
1023 1865 1086 1909 non
1107 1849 1232 1927 placeat,

153 1943 294 2013 tanquam
328 1953 344 1995 e
378 1935 490 1996 theatro
521 1953 676 2008 exeamus3
708 1933 816 2013 quibus
848 1934 939 1994 rebus
967 1933 1144 2012 intellegitur
1175 1953 1234 1996 nec

153 2020 336 2081 timiditatem
354 2016 559 2098 ignaviamque
573 2019 734 2099 vituperari
749 2038 804 2080 nec
819 2019 1023 2081 fortitudinem
1042 2020 1233 2097 patientiam-

154 2123 212 2183 que
232 2103 345 2165 laudari
366 2123 421 2165 suo
443 2105 573 2176 nomine,
596 2105 648 2165 sed
669 2104 732 2165 illas
753 2104 832 2176 reici,
855 2104 924 2182 quia
946 2104 1080 2164 dolorem
1104 2104 1233 2183 pariant,

153 2189 207 2250 has
229 2189 332 2268 optari,
356 2189 424 2266 quia
445 2189 633 2268 voluptatem.

187 2322 229 2376 49.
238 2321 375 2383 assiduitas]
384 2318 666 2371 Cod.rlhatzwaraaea'·
715 2320 739 2371 si
756 2320 874 2370 dami·-
892 2322 1061 2373 remansisset.

153 2390 264 2453 dentata,
283 2389 315 2439 da
326 2389 388 2440 aber
400 2405 447 2439 nnr
458 2388 593 2453 singulare
609 2390 666 2440 hier

750 2406 799 2454 qua
816 2391 878 2452 ante]
896 2406 942 2440 ans
960 2391 1015 2441 dem
1033 2391 1233 2454 Vorhergehen·

153 2459 242 2509 slehen
265 2458 315 2509 und
344 2461 440 2523 mpsim
465 2457 520 2508 bier
546 2457 595 2508 wie
624 2457 665 2508 ein
716 2458 762 2508 den
775 2459 810 2508 ist
822 2459 1064 2524 ‚,a'n“znergiinzen
1075 2459 1126 2508 wie
1135 2460 1232 2525 hiinlig.

153 2525 256 2577 Plurele
272 2531 371 2576 tentum
396 2543 428 2577 zu
450 2526 599 2577 betrechten
622 2526 665 2590 ist,
716 2528 747 2576 de
765 2526 830 2591 legg.
848 2525 891 2592 III,
913 2530 953 2591 15,
972 2529 1018 2580 33:
1044 2525 1108 2578 Nam
1132 2543 1180 2592 ego
1205 2529 1234 2580 in

153 2610 182 2645 so
212 2592 296 2646 diirite
324 2599 454 2647 assidedat
476 2595 545 2645 wohl
573 2593 666 2659 richtig
716 2595 767 2646 ista
789 2610 843 2646 snm
867 2595 1005 2659 sententia,
1030 2611 1079 2662 qun
1101 2602 1128 2646 te
1151 2592 1233 2649 luisse

153 2663 222 2726 sein,
241 2663 356 2728 obgleich
373 2663 414 2714 die
431 2662 533 2715 Plurale
550 2663 596 2714 der
611 2663 665 2713 Ab·
716 2677 813 2780 semper
830 2664 891 2715 scio.
909 2665 960 2728 vgl.
979 2662 1023 2714 lir.
1042 2662 1058 2729 ξ
1076 2667 1136 2727 550,
1153 2665 1186 2715 Α.
1208 2669 1232 2718 7.

153 2736 249 2782 structu
279 2733 364 2797 hinllg
392 2732 462 2795 sind,
493 2747 584 2782 wovon
611 2731 666 2782 eine

716 2759 751 2770 --
789 2730 837 2798 pic.
855 2733 887 2782 ud
904 2732 969 2783 Men.
987 2732 1059 2797 Πίος.
1072 2731 1101 2783 L.
1115 2732 1151 2796 X,
1168 2736 1232 2787 125:

154 2799 243 2865 Menge
261 2800 382 2867 Beispiele
400 2817 431 2850 zu
443 2801 524 2851 finden
543 2800 583 2851 bei
596 2799 665 2867 Grp-
717 2796 748 2852 τὸ
762 2801 987 2872 φρικωδέστατον
1001 2796 1052 2855 οὖν
1067 2803 1124 2854 τῶν
1135 2804 1231 2855 κακῶν

153 2883 197 2918 ser
214 2867 303 2919 Theon.
320 2871 343 2919 d.
358 2869 403 2919 lat.
416 2868 479 2919 Stils
496 2886 519 2936 p.
540 2871 587 2923 102
607 2870 631 2918 ll.
717 2865 732 2920 ὁ
745 2862 869 2927 θάνατος
881 2865 965 2923 οὐδὲν
976 2886 999 2922 π
1017 2867 1047 2929 ὸς
1058 2865 1140 2941 ἡμᾶς,
1153 2867 1233 2924 ἔπει-

187 2952 218 2986 ne
228 2938 352 2999 saredada
371 2939 474 3002 quiden]
492 2937 610 2989 schliesst
626 2937 666 2989 die
717 2932 806 3008 δήπερ
824 2934 892 2991 ὅταν
914 2937 969 3008 μὲν
995 2887 1075 3010 speia
1104 2933 1234 3009 ciperem&

152 3001 315 3070 Auizihlnng
332 3007 494 3056 verwandter
509 3005 616 3070 Begrilie
633 3006 666 3056 al·
716 3003 840 3066 θάνατος
859 3001 892 3058 οὗ
911 3001 1055 3075 πάρεστιν,
1074 3003 1144 3059 ὅταν
1161 3006 1197 3061 δὲ
1216 3004 1232 3060 ὁ

154 3072 193 3123 als
211 3072 269 3134 des,
290 3088 344 3123 was
361 3089 419 3124 men
439 3076 560 3124 nochum
583 3079 659 3124 eistat

153 3138 196 3191 itii·
213 3146 292 3191 etwas
309 3141 395 3192 hulten
415 3142 521 3205 ldnnte,
546 3143 657 3192 wodnrc¹

155 3209 238 3260 niahts
256 3210 361 3260 anderes
378 3210 490 3261 erstrebt
507 3208 579 3260 wird.
596 3208 657 3293 Epic

154 3276 195 3328 bei
212 3275 283 3343 Πίος.
302 3278 330 3328 L.
347 3278 382 3342 X,
403 3281 464 3331 120:
491 3274 540 3343 τὴν
564 3276 596 3330 δὲ
614 3296 649 3332 aa·

155 3345 251 3418 ορείαο
294 3341 353 3401 dota
380 3344 420 3418 μὴ
444 3350 590 3415 γίνεσθαι,
618 3348 651 3399 lo

156 3417 249 3485 γισμῷ
285 3416 367 3469 droti
389 3417 588 3486 συμφέροντος.
618 3415 651 3467 Se

154 3497 215 3533 neca
227 3498 281 3550 epp.
291 3483 346 3548 Vll,
361 3488 384 3548 5,
399 3487 444 3538 1o:
463 3482 585 3535 fortitudo
596 3483 661 3534 cuiar

153 3549 290 3618 patientia,
318 3553 446 3620 perpassio
476 3559 502 3604 et
529 3552 665 3604 tolerantie

153 3618 218 3669 remi
234 3625 300 3670 sunt.

188 3689 268 3750 cauea]
286 3687 420 3753 allgemein
432 3686 473 3739 in’r
485 3687 595 3753 ,Ιοοςοίίι
611 3705 651 3728 m

154 3759 220 3807 ditio·
255 3757 286 3808 (Ῑθ
304 3755 344 3806 Off.
363 3755 405 3820 ΠΙ,
424 3760 466 3820 2⁶1,
488 3760 549 3810 100:
578 3755 665 3822 linquo

154 3824 280 3890 (Regulus)
297 3831 357 3887 tum,
371 3840 426 3874 enm
443 3825 572 3890 vigilando
590 3839 648 3876 nece

155 3893 230 3943 ’τούτου
257 3900 313 3936 templ*
331 3894 355 3928 in
373 3893 476 3932 preliante·
497 3909 569 3928 annun
594 3909 661 3943 quiqu,

725 3069 841 3195 Ψάέέοιτος
859 3077 950 3147 παρῇ,
975 3070 1039 3128 τόθ’
1069 3071 1151 3147 ἡμεῖς
1178 3072 1234 3130 οὐκ

731 3156 749 3180 ¹¹
785 3158 808 3194 r.

750 3215 831 3262 anima
847 3227 922 3276 aequa
940 3229 953 3263 c
969 3215 1019 3264 at'ta
1041 3213 1098 3276 eat]
1129 3212 1190 3277 Vgl.
1209 3230 1232 3266 c.

725 3283 758 3343 t9,
771 3282 813 3332 62.
831 3278 905 3330 Lucr.
922 3279 965 3344 ΠΙ,
983 3283 1047 3334 936:
1066 3281 1117 3332 Cur
1134 3297 1185 3332 non
1203 3288 1234 3334 ut

725 3347 803 3428 alenus
815 3347 886 3399 vitae
900 3349 1007 3430 conviva
1024 3349 1130 3413 recedis,
1142 3349 1233 3416 Aequo

727 3419 1233 3551 repertun

729 3553 844 3605 temnarit
858 3554 978 3616 (llullacli
990 3553 1078 3620 begin.
1089 3555 1178 3621 philos.
1192 3573 1233 3622 gr.

725 3622 743 3672 ⁴.
758 3621 958 3688 aequumst:
973 3619 1004 3677 Ὁ
1019 3618 1072 3676 κόσ
1093 3640 1123 3683 ος
1135 3619 1234 3692 σκηνή,

727 3685 1069 3762 ιβ(οςπάροδος·ἦλθες,ε
1099 3688 1234 3760 cecindi-

727 3763 772 3818 ὖος.
794 3758 890 3810 Seneca
908 3776 945 3828 ep.
966 3763 1006 3823 12,
1027 3762 1058 3813 10
1080 3759 1097 3812 i.

753 3843 794 3876 wa
811 3831 913 3884 nomiael
930 3845 967 3896 pr.
980 3829 1043 3880 Mur.
1056 3831 1098 3892 ³8,
1111 3831 1159 3883 82:
1176 3829 1234 3882 Ne-

734 3927 739 3932 .
761 3915 764 3924 =
788 3894 830 3940 ‘cti
855 3912 893 3936 mn
923 3913 969 3944 aper
994 3896 1092 3946 „nmine
1111 3897 1235 3967 intel'ffl,
