2632 4516
223 257 266 309 nlt
282 256 406 310 munus
423 258 581 311 BONORUM
597 257 641 309 ΕΤ
657 258 827 311 munuli.
844 258 863 323 1,
882 263 906 325 3,
926 264 1016 315 7-10.
1110 259 1151 325 13

90 413 165 486 ride,
185 413 222 473 de
242 413 324 473 malis
346 412 461 474 Graecis
482 413 583 474 Latine
603 413 707 492 scripta
731 415 873 487 deterius3
896 415 1003 493 quibus
1023 433 1075 494 ego
1098 415 1150 476 ad·

91 498 213 570 sentior,
228 497 300 558 dum
314 492 402 557 modi
418 497 454 557 de
468 497 561 559 isdem
577 499 666 559 rebus
681 517 718 559 ne
735 500 859 560 Graecos
875 499 993 578 quidem
1013 500 1151 579 legendos

91 590 205 664 putent
234 584 292 643 Res
307 600 377 643 vero
392 582 493 656 bonas,
508 583 604 644 verbis
619 584 715 645 clectis
736 585 859 663 graviter
876 594 1035 663 ornateque
1054 585 1151 657 dictas

92 668 160 749 quis
189 685 251 727 non
277 665 373 747 legat?
401 667 456 728 nisi
484 668 535 746 qui
566 688 597 729 se
630 667 715 746 plane
738 669 880 729 Graccum
903 670 958 730 clici
980 670 1061 742 velit,
1083 679 1151 730 uta

91 752 231 816 Scaevola
249 760 293 812 est
312 760 445 830 praetore
459 752 597 814 salutatus
617 753 737 814 Athenis
753 753 908 827 Albucium
926 772 1014 833 quem
1032 742 1180 832 quidem9

90 840 192 901 lecum
215 854 283 896 cum
307 838 396 898 multa
415 845 564 898 venustate
586 846 615 898 et
636 839 716 897 omni
737 838 795 899 sale
815 839 893 899 idem
915 839 1052 911 Lucilius,
1074 839 1150 918 apud

93 940 184 1004 quem
208 921 355 999 praeclare
377 922 528 982 Scaevola:

138 1002 349 1079 Graecumue,
371 1004 492 1083 Albuci,
513 1028 606 1090 quam
626 1006 802 1069 &manum
823 1018 911 1091 utque
934 1004 1095 1087 Sabinum,

136 1088 319 1174 muuicc'pem
339 1088 443 1164 Ponti,
466 1089 497 1152 T
493 1090 596 1165 minui,
619 1091 835 1166 centurionum,

130 1175 368 1260 praeclarorum
387 1174 542 1238 bominum
562 1197 598 1237 uc
613 1176 800 1258 primorum,
822 1173 1067 1258 stpui‘erumquc,

135 1259 272 1323 mulsit
293 1259 361 1322 dici.
403 1256 519 1322 Graece
543 1279 613 1343 erpo
629 1272 759 1343 praetor
780 1258 916 1335 Athenis,

136 1346 171 1408 id
190 1345 274 1429 quod
293 1343 437 1418 maluisti,
458 1355 496 1420 te,
517 1366 586 1406 cum
608 1346 650 1408 ud
669 1365 715 1406 me
737 1346 855 1419 accedi,
876 1345 995 1407 saluto:

138 1431 240 1511 χαῖρε,
260 1428 394 1512 inquom,
420 1427 484 1492 Tite
490 1457 501 1500 ,·
522 1429 649 1505 lictores,
672 1439 775 1492 turma
797 1430 887 1492 omui’
908 1429 1090 1511 cohorsque:

137 1515 239 1596 χαῖρε,
264 1512 294 1575 Τ
290 1510 349 1575 ite!
369 1513 452 1575 Hinc
472 1515 564 1577 lucetis
585 1515 630 1577 rui
649 1513 805 1590 Albucius,
828 1516 897 1577 binc
917 1512 1066 1577 iuimicus.

181 1599 237 1661 Sed
251 1599 314 1659 iure
321 1600 441 1660 hlucius.
463 1600 524 1678 Ego
535 1608 632 1661 autem
646 1621 707 1662 nou
720 1601 818 1660 mirari
834 1619 894 1661 non
910 1617 996 1678 queo,
1011 1597 1153 1657 nndehoe
1168 1588 1198 1638 ¹⁰

95 1684 134 1745 sit
142 1693 204 1746 tam
217 1685 347 1744 insolens
360 1684 586 1745 domesticarum
600 1704 701 1745 rerum
716 1686 872 1746 fastidium.
894 1686 960 1745 Non
976 1692 1019 1744 est
1032 1682 1152 1742 omnino

94 1852 169 1903 ihucn
186 1850 305 1913 schreibt,
323 1850 354 1899 ad
369 1848 424 1899 lam.
439 1850 497 1913 XV,
519 1854 557 1914 19,
576 1855 599 1904 2.
651 1851 878 1902 Lucilius“u.s.w.
896 1851 1057 1902 Gewtihnlich
1069 1849 1155 1899 nimmt

94 1921 145 1971 und
163 1918 279 1970 Rabirius
292 1918 368 1968 head.
380 1917 399 1981 l,
419 1921 442 1981 2,
459 1922 473 1970 5
492 1917 509 1969 1.
527 1919 599 1970 Tuse.
650 1936 706 1970 man
724 1935 764 1982 an,
782 1920 839 1969 dass
857 1920 911 1970 hier
928 1919 961 1967 im
979 1918 1058 1969 Teate
1076 1924 1154 1968 etwas

93 1988 114 2053 l,
134 1990 158 2052 3,
177 1990 200 2040 6.
218 1986 248 2050 11,
268 1989 291 2046 3,
310 1990 332 2038 t.
351 1985 394 2048 lV,
413 1989 436 2049 3,
455 1990 478 2039 6.
650 1986 802 2051 ausgefallen
820 1989 880 2037 oder
896 1988 1035 2039 verdorben
1053 1986 1098 2049 sci,
1122 1986 1154 2035 ln

130 2057 157 2115 Q.
180 2059 276 2108 Mucius
301 2057 410 2105 Scaeuola
438 2058 529 2120 cuper]
556 2057 601 2107 der
650 2057 690 2107 eiu
706 2057 813 2107 Verbum
830 2055 992 2106 erlorderlich
1009 2056 1087 2119 u'iire,
1105 2053 1154 2104 wic

93 2124 300 2187 Schwiegcrsohn
323 2124 365 2172 des
384 2123 409 2172 C.
428 2123 528 2174 Laelius
551 2127 600 2176 und
651 2132 717 2175 etwa
734 2126 797 2175 nach
816 2140 849 2174 or.
865 2128 905 2187 21,
925 2128 970 2177 72:
987 2123 1072 2188 ltaque
1089 2124 1154 2172 hunc

93 2191 480 2256 Schwiegervnterdcsllodners
490 2193 600 2243 1111111-
650 2194 730 2243 locum
747 2222 780 2230 -
796 2192 934 2259 philosophi
957 2193 1038 2243 solent
1054 2192 1080 2241 in
1099 2189 1154 2240 cffi-

93 2277 150 2325 sus,
180 2259 279 2310 Stciher
306 2261 355 2310 und
383 2260 601 2324 ausgezcichneter
651 2262 696 2312 ciis
722 2269 845 2324 tractare3
872 2262 911 2312 die
934 2262 1085 2324 Anslassuug
1112 2260 1154 2310 des

94 2329 328 2392 Rechtsgelehrter,
363 2327 403 2378 bei
432 2330 485 2378 dem
514 2330 600 2380 Cicero
651 2331 771 2382 Verbanus
794 2332 916 2381 erseheint
939 2331 999 2380 aber
1021 2345 1067 2393 gar
1087 2327 1156 2377 nicht

93 2398 164 2449 scine
187 2402 270 2447 susten
293 2395 394 2446 Studien
417 2399 522 2461 machtc,
549 2399 600 2462 egl.
650 2415 678 2450 so
699 2396 814 2462 abn'orm,
838 2415 910 2449 wenn
933 2415 989 2448 man
1006 2396 1155 2448 Aehnliches

95 2465 165 2516 lael.
186 2469 207 2518 1.
242 2463 287 2513 Als
313 2464 419 2514 Sciivola
451 2468 515 2515 nach
546 2468 601 2518 dem
651 2468 719 2516 nieht
737 2468 811 2517 allein
829 2467 855 2515 in
872 2469 918 2518 den
941 2465 1155 2533 philosophischen

94 2533 165 2584 Tolle
191 2535 233 2584 des
263 2532 288 2581 C.
318 2532 443 2583 Gracchus
469 2535 535 2597 (121)
562 2535 600 2586 als
651 2534 790 2598 Schriften,
817 2537 922 2585 sondern
945 2535 971 2585 in
992 2536 1039 2584 den
1056 2532 1154 2583 Briefcn

95 2602 188 2653 Priitor
211 2602 274 2651 nach
291 2600 365 2651 Asien
384 2602 443 2666 ging
460 2603 499 2664 (cle
518 2619 552 2652 or.
570 2602 600 2667 11,
650 2606 730 2666 sucht,
740 2605 771 2652 da
781 2602 940 2654 dieserTheil
949 2618 1051 2653 unserer
1060 2599 1155 2650 Schrilt

96 2674 139 2734 ut,
153 2672 212 2734 269)
229 2668 284 2720 traf
298 2685 325 2719 er
343 2670 408 2719 wohl
425 2671 470 2719 mit
482 2671 601 2722 Albucius
651 2671 784 2736 cigentlich
814 2671 895 2720 nichts
919 2673 1022 2721 anderes
1045 2669 1083 2719 als
1110 2670 1154 2719 das

95 2754 251 2800 zusammen,
278 2739 322 2787 der
347 2737 389 2786 ihu
413 2739 446 2787 im
470 2738 600 2804 folgenden
651 2739 934 2804 Zueignungsschrciben
957 2755 988 2788 an
1005 2739 1094 2788 Brutus
1111 2737 1153 2786 ist.

95 2808 172 2857 lehre
194 2807 383 2872 repetundarum
403 2807 527 2871 anhlagte.
562 2808 599 2858 Se.
651 2808 709 2860 Man
735 2808 875 2871 vergleiehe
897 2824 919 2856 z.
942 2809 967 2857 B.
991 2804 1153 2867 1111111111,

97 2876 183 2925 wurde
206 2874 275 2923 nieht
298 2874 447 2924 veiurtheilt
473 2877 521 2924 und
546 2891 601 2926 war
651 2880 675 2939 2,
697 2879 725 2929 8:
752 2876 822 2925 Alias
848 2877 895 2925 hoc
922 2882 1099 2936 statueramus,
1126 2879 1155 2923 ut

96 2944 130 2994 im
146 2944 168 2993 J.
190 2945 236 2995 111
254 2942 353 3005 Consul,
372 2949 402 2991 st.
422 2945 461 2995 84.
651 2944 829 3008 negotiatorem
845 2943 976 3007 neminem,
993 2944 1065 3009 idque
1078 2944 1154 2993 Bruto

131 3015 157 3063 Τ.
167 3013 291 3073 Albucius]
308 3011 399 3060 Doctus
411 3011 487 3062 etiam
498 3010 600 3062 Graecis
650 3013 846 3079 probaveramus.
872 3013 942 3062 Anch
959 3013 992 3062 ist
1015 3012 1095 3076 gleieh
1121 3011 1154 3060 im

95 3078 124 3130 T.
134 3079 251 3129 Albucius
261 3079 302 3128 vel
311 3079 391 3144 potius
404 3095 481 3145 paene
492 3079 600 3131 Graccus
649 3081 792 3145 Fulgenden
820 3082 902 3146 „apud
929 3097 998 3146 quem
1025 3079 1153 3147 praeclare

96 3176 130 3185 -
142 3146 191 3198 tuit
203 3176 235 3184 -—
247 3147 351 3197 Athenis
369 3148 525 3211 adulescens,
542 3165 600 3215 per·
650 3149 789 3200 Scaevola“
812 3151 862 3200 und
886 3151 947 3213 „sed
967 3149 1024 3212 jnrc
1041 3148 1154 3200 Mucius“

96 3215 177 3267 scetus
189 3215 323 3282 Epicureus
340 3223 462 3266 evaserat.
482 3218 547 3267 brut.
558 3220 599 3280 35,
650 3216 666 3282 ξ
684 3222 729 3271 26:
748 3235 821 3282 „nam
838 3225 897 3268 ante
911 3217 1051 3284 Aristippus
1069 3223 1094 3267 et
1111 3216 1160 3266 ille

100 3287 154 3338 131.
177 3283 213 3334 Er
227 3300 281 3333 war
298 3284 330 3332 im
344 3285 365 3332 J.
378 3287 424 3337 105
434 3301 457 3334 v.
467 3286 523 3334 Chr.
538 3284 601 3335 Pro·
650 3287 767 3349 melius“;
785 3286 814 3348 11,
826 3290 868 3350 20,
881 3290 925 3339 65:
941 3286 1027 3349 „Hunc
1039 3301 1084 3334 ves
1096 3285 1154 3334 bca-

96 3354 185 3420 prttor
202 3353 228 3402 in
242 3352 351 3414 Sicilien,
366 3355 451 3403 wurde
464 3355 529 3402 daun
541 3353 602 3403 aber
650 3356 727 3418 tum“,
741 3371 789 3404 von
802 3355 888 3418 obiger
898 3354 991 3420 Ellipse
1004 3353 1086 3417 wenig
1095 3367 1153 3403 ver-

97 3438 147 3472 vnn
165 3420 192 3471 C.
208 3421 256 3471 Jnl.
270 3421 362 3470 Cacsar
377 3420 467 3471 Strabo
485 3428 601 3487 repetun-
650 3424 777 3487 schieden3
796 3425 845 3487 vgl.
865 3424 928 3472 anch
952 3421 1023 3471 Tusc.
1049 3421 1068 3484 I,
1092 3424 1107 3474 9
1130 3438 1153 3471 n.

97 3491 185 3540 larum
208 3489 354 3553 nugehlagt,
379 3489 528 3539 verurtheilt
550 3491 601 3540 und
654 3494 692 3554 10,
714 3494 751 3544 19.

97 3557 320 3622 giugnachhthen
338 3556 364 3605 in
378 3557 600 3622 dicVerbanunng.
685 3562 769 3621 Ponti]
804 3560 933 3611 vielleicht
967 3559 1012 3608 der
1037 3557 1153 3608 Ceuuirio

96 3625 160 3677 Eine
191 3626 280 3676 audere
308 3624 386 3676 Stellc
412 3627 454 3676 des
481 3625 599 3690 Lucilius,
651 3625 679 3676 T.
702 3626 817 3690 Pontius,
847 3630 891 3678 der
916 3626 954 3677 als
980 3625 1085 3692 beispiel
1111 3627 1155 3676 cler

97 3710 139 3744 wo
156 3693 186 3744 11
198 3709 247 3743 von
259 3693 366 3743 Sc'civola
377 3700 515 3760 verspottet
528 3694 600 3758 wird,
651 3693 832 3760 librperstirkc
849 3697 903 3746 Cat.
917 3712 948 3745 m.
969 3699 1007 3758 10,
1027 3698 1059 3747 33
1077 3710 1153 3758 ange-

97 3761 168 3813 111111
186 3761 272 3812 Cicero
289 3777 320 3810 an
339 3777 373 3811 or.
391 3765 432 3823 44,
454 3766 507 3815 149.
651 3761 721 3813 111111
729 3764 800 3814 wird.
817 3764 933 3815 Tritanus
944 3765 978 3814 ist
990 3764 1058 3812 nicht
1067 3762 1156 3813 weiter

133 3834 156 3883 9.
176 3831 248 3889 Quem
269 3833 362 3894 quidem
385 3833 467 3894 locum]
494 3831 600 3892 „Dieseu
651 3832 766 3882 bekannt.

98 3898 181 3949 Puuht
195 3900 253 3949 oder
265 3899 343 3949 dieses
355 3899 451 3965 Capite]
468 3898 601 3950 behandelt
614 3926 619 3938 ·
688 3903 725 3953 10.
742 3919 790 3952 non
803 3905 890 3952 mirari
899 3919 947 3952 non
959 3901 1024 3966 queo]
1036 3900 1153 3951 dascrste
