2634 4478
221 241 264 293 DE
280 241 409 293 FlNlBUS
426 240 646 294 concutiunt
663 241 827 294 MALORUM
845 242 864 306 l,
885 246 924 308 to,
944 245 984 296 32.
1003 246 1044 296 33.
1133 244 1176 310 33

101 397 282 475 voluptatem
312 397 514 457 accusantium
542 395 735 474 doloremque
763 397 960 471 laudantium,
990 406 1081 460 totam
1110 419 1176 462 rem

102 483 232 562 aperiam
260 500 350 561 eaque
380 482 459 561 ipsa,
482 499 558 560 quae
579 480 615 542 ah
637 481 686 540 illo
708 481 863 543 inventore
885 483 1012 545 veritatis
1042 492 1071 545 et
1093 486 1177 563 quasi

102 567 259 628 architecto
278 567 378 628 heatae
394 567 468 627 vitae
484 567 653 639 dictasunt,
674 567 834 645 explicabo.
864 568 957 629 Nemo
981 569 1060 629 enim
1079 568 1176 648 ipsam

100 652 298 730 voluptatem,
321 652 390 731 quia
412 653 548 730 voluptas
570 651 621 724 sit,
650 660 825 729 aspernatur
852 662 902 714 aut
929 653 991 714 odit
1017 662 1067 716 aut
1093 655 1177 734 sugit,

102 737 154 798 sed
177 738 245 815 quia
267 747 492 816 consequuntur
514 737 613 815 magni
634 737 752 797 dolores
782 756 842 810 eos,
872 739 924 816 qui
947 738 1060 799 ratione
1089 740 1176 799 volu-

101 831 210 901 ptatem
234 822 318 900 sequi
340 822 493 894 nesciunt3
515 839 613 900 neque
627 839 718 901 porro
735 823 894 901 quisquam
916 831 959 884 est
975 824 1025 902 qui
1040 824 1174 887 dolorem

100 908 211 986 ipsum,
227 908 296 985 quia
311 907 396 967 dolor
417 907 462 980 sit,
482 917 567 979 amet,
589 915 782 980 consectetur,
802 908 922 987 adipisci
943 909 1019 981 velit,
1040 910 1091 969 sed
1108 909 1178 987 quia

102 1009 165 1052 non
184 1010 341 1071 nunquam
363 992 427 1053 eius
449 992 531 1052 modi
551 1001 685 1070 tempora
706 992 849 1065 incidunt,
868 1001 902 1070 ut
914 993 1015 1054 labore
1031 1002 1060 1054 et
1076 994 1178 1054 dolore

103 1095 240 1156 magnam
269 1078 397 1156 aliquam
427 1085 547 1155 quaerat
577 1077 766 1155 voluptatem.
810 1077 849 1138 Ut
877 1077 957 1138 enim
985 1078 1021 1139 ad
1056 1079 1179 1140 minima

102 1162 235 1234 veniam,
265 1163 332 1241 quis
362 1170 498 1222 nostrum
528 1162 764 1222 exercitationem
788 1162 877 1222 ullam
900 1163 1034 1241 corporis
1056 1164 1180 1242 suscipit

101 1246 289 1320 laboriosam,
311 1247 368 1307 nisi
389 1255 423 1308 ut
443 1247 553 1326 aliquid
576 1265 612 1306 ex
634 1265 667 1306 ea
688 1247 838 1309 commodi
858 1245 1081 1325 consequatur?
1111 1249 1178 1326 quis

102 1341 202 1392 autern
224 1333 270 1392 vel
299 1350 368 1392 eum
395 1333 460 1392 iure
489 1332 727 1410 reprehenderit,
756 1332 861 1409 quiin
884 1351 918 1393 ea
939 1333 1089 1410 voluptate
1110 1333 1179 1394 velit

102 1435 176 1490 esse,
193 1434 283 1494 quam
305 1417 378 1477 nihil
398 1417 548 1478 molestiae
570 1425 777 1495 consequatur,
794 1418 840 1477 vel
861 1417 954 1489 illum,
967 1418 1025 1495 ‘qui
1044 1417 1178 1478 dolorem

103 1520 173 1562 enm
188 1502 288 1581 fngiat,
303 1520 363 1579 quo
380 1503 514 1580 voluptas
535 1503 614 1562 nulla
636 1498 790 1581 pariatur?
819 1502 857 1563 At
878 1521 948 1562 vero
968 1520 1019 1562 eos
1039 1512 1068 1563 et
1088 1521 1177 1563 accu-
1192 1511 1224 1561 33

103 1605 203 1647 samus
225 1595 253 1648 et
274 1588 351 1648 iusto
374 1586 442 1647 odio
465 1586 653 1666 dignissimos
674 1587 826 1659 ducimus,
850 1588 901 1666 qui
922 1587 1068 1647 blanditiis
1090 1606 1178 1666 prae-

103 1672 232 1732 sentium
254 1673 439 1750 voluptatum
469 1672 586 1733 deleniti
616 1680 703 1750 atque
733 1673 882 1751 corrupti,
911 1690 986 1751 quos
1009 1671 1127 1733 dolores
1151 1682 1179 1734 et
1289 1677 1297 1691 ²

104 1772 177 1834 quas
200 1757 348 1816 molestias
370 1757 521 1833 excepturi
543 1757 616 1829 sint,
646 1757 788 1839 occaecati
811 1757 968 1836 cupiditate
989 1775 1052 1817 non
1074 1759 1177 1835 provi-

103 1841 189 1910 dent;
219 1841 365 1920 similique
395 1848 466 1901 sunt
493 1841 526 1901 in
555 1841 657 1918 culpa,
686 1842 737 1918 qui
766 1841 862 1902 officia
891 1842 1032 1903 deserunt
1059 1843 1179 1903 mollitia

103 1925 209 1999 animi,
238 1926 268 1987 id
291 1934 336 1987 est
356 1925 493 1986 laborum
515 1933 544 1985 et
565 1926 704 1986 dolorum
733 1928 811 2004 fuga.
855 1926 892 1986 Et
920 1927 1027 1986 harum
1057 1926 1178 2005 quidem

102 2029 206 2072 rerum
227 2011 319 2072 facilis
342 2018 386 2071 est
408 2018 437 2071 et
464 2008 598 2089 expedita
619 2010 783 2083 distinctim
813 2029 883 2071 nam
912 2011 1005 2071 libero
1035 2020 1178 2091 tempore,

104 2114 173 2156 cnm
192 2095 286 2158 soluta
305 2095 392 2157 nobis
414 2105 459 2156 est
478 2095 603 2174 eligendi
623 2095 714 2175 optio,
729 2114 859 2175 cumque
878 2096 951 2157 nihil
969 2095 1101 2176 impedit,
1117 2115 1178 2176 quo

103 2312 219 2370 ertrage,
244 2305 313 2356 nicht
335 2307 381 2356 mit
401 2306 456 2358 dem
474 2305 616 2357 Gmndsatz
666 2302 717 2366 τὰς
739 2301 755 2357 ὀ
776 2300 865 2372 λήσεις
894 2308 950 2359 τῶν
973 2299 1091 2369 ἡδονῶν.
1127 2306 1179 2371 vgl.

103 2374 200 2425 streite.
666 2375 739 2425 Taso.
781 2377 850 2439 ,33‚
868 2378 910 2428 95.

138 2445 180 2495 32.
194 2446 344 2506 doloremque
354 2444 512 2504 laudantimn]
525 2442 616 2492 lxumer
667 2456 679 2474 ’-
701 2447 761 2508 quia
776 2447 887 2505 uoluptas
903 2444 943 2506 ait]
962 2442 1025 2493 iiber
1042 2442 1090 2492 den
1108 2441 1179 2506 Conj.

103 2509 616 2575 AusdruckinGegonsatz3denSchmorz
667 2510 712 2562 lir.
730 2509 747 2576 ξ
765 2513 824 2565 638.
864 2552 869 2558 -

104 2579 241 2644 gleichsam
263 2578 290 2629 in
307 2580 401 2630 Schutz
419 2581 536 2642 nehmen,
557 2579 616 2629 dass
700 2581 807 2647 νοτεραί]
841 2579 888 2629 mit
918 2576 1045 2631 Vernunlt
1076 2576 1180 2641 (Ueher-

104 2663 132 2698 er
150 2648 219 2698 nieht
236 2648 280 2699 das
298 2651 396 2713 grdsste
414 2646 493 2699 Uahal
508 2646 556 2697 sei.
666 2648 776 2713 legung).
794 2647 846 2712 vgl.
865 2649 895 2697 de
914 2647 955 2697 off.
974 2645 993 2709 l,
1013 2649 1037 2709 4,
1058 2648 1098 2698 11.
1120 2645 1180 2696 Ari-

138 2720 214 2768 Nsmo
226 2721 289 2768 enim
299 2715 454 2782 cet]Epieur
466 2731 503 2796 ep.
511 2715 543 2765 ad
549 2713 614 2765 llen.
656 2716 759 2767 ⁴sto'cles
777 2721 837 2780 sagt
848 2715 946 2777 (Euseh.
958 2728 1043 2781 praep.
1056 2728 1096 2764 ev.
1108 2713 1179 2778 XIV,

103 2784 176 2847 Πίος.
200 2784 286 2834 Laert.
310 2784 433 2847 X,*129:
457 2801 498 2834 ou
519 2785 616 2834 πᾶσαν
667 2787 710 2847 21,
728 2788 752 2837 4.
769 2799 793 2849 p.
812 2786 872 2846 769,
890 2783 914 2846 b)
932 2784 959 2834 in
976 2781 1119 2847 Beziahung
1136 2781 1184 2832 aul

103 2848 210 2915 ἡδονὴν
238 2847 408 2923 αἱρούμεθα,
443 2847 505 2903 ἀλλ’
542 2851 617 2904 ἔστιν
667 2851 710 2902 die
730 2851 879 2919 Epicureos:
908 2849 940 2904 τὸ
968 2848 1037 2924 γὰρ,
1063 2845 1182 2919 ἄμεινόν

105 2917 152 2972 ὅτε
166 2918 272 2977 πολλὰς
285 2915 388 2985 ἡδονὰς
400 2915 616 2991 ὑπερβαίνομεν,
667 2921 726 2974 ἔστι
738 2916 892 2991 ὑπομεῖναι
910 2916 1006 2978 sodada
1022 2917 1101 2977 τινὰς
1118 2916 1182 2979 τοὺς

105 2985 173 3042 ὅταν
189 2989 290 3041 πλεῖον
306 2984 375 3061 ἡμῖν
393 2987 424 3040 τὸ
445 2986 570 3060 δυςχερὲς
588 2985 618 3039 ἐκ
667 2986 782 3052 πόνους,
806 2985 884 3049 ὅπως
905 2985 1059 3060 ἡσθείημεν,
1077 2984 1182 3054 ἡδονὰς

98 3053 214 3110 τούτων.
234 3056 348 3123 ἕπηται·
373 3061 420 3110 καί
438 3054 547 3114 πολλὰς
567 3051 617 3109 ἂλ-
655 3059 785 3127 μείζους,
806 3055 914 3123 καὶτὸ,
935 3072 968 3110 συ
994 3058 1076 3129 φέρει·
1092 3058 1184 3110 τῶνδέ

103 3124 233 3194 μηλίνας
242 3124 353 3191 ἡδονῶν
369 3130 509 3196 κρείττους
535 3129 616 3194 νομί·
662 3142 751 3180 τινων
768 3122 826 3180 ἇπέ
844 3123 960 3192 esoces}
979 3127 1060 3192 ονῶν,
1078 3123 1179 3195 ἵναμὴ

104 3197 195 3267 ζομεν,
207 3193 324 3248 ἐπειδὰν
336 3198 437 3265 μείζαν
448 3192 516 3279 ἡμῖν
529 3189 616 3259 ἡδονὴ
667 3192 800 3269 ἀλγῶμεν
811 3215 829 3248 α
846 3190 969 3264 γηδόνας
975 3193 1181 3266 χαλεπωτέρας,

103 3265 309 3348 παρακολουθῇ
317 3262 408 3317 πολὺν
419 3282 533 3336 χρονον,
547 3257 617 3314 ὑπο·
666 3267 714 3317 καλ
739 3261 839 3318 Ιπυὶντα
863 3262 899 3318 τὰ
924 3264 1039 3316 τοιαῦτα
1063 3257 1180 3329 λόγοςό

93 3356 96 3361 v
103 3340 218 3404 μείνασι
230 3329 279 3392 τὰς
292 3328 455 3414 αλγυμλόνας.
472 3335 553 3384 πᾶσα
566 3327 616 3384 οὖν
667 3339 770 3405 κρίνον
784 3333 866 3386 ἐστίν.
884 3333 936 3399 vgl.
949 3331 1023 3382 Taso.
1036 3330 1068 3393 V,
1082 3332 1123 3393 33,
1137 3333 1179 3382 95.

103 3397 190 3483 ἡδονὴ
211 3398 259 3453 διὰ
274 3399 303 3452 τὸ
316 3414 408 3471 ’φυσιν
422 3403 496 3469 ἔχειν
509 3403 616 3452 οἰκείαν
703 3404 744 3455 33.
762 3404 848 3466 εοίαίο]
866 3403 898 3452 ad
916 3400 974 3451 lam.
993 3398 1012 3462 l,
1032 3401 1056 3461 9,
1076 3401 1122 3451 21:
1142 3399 1180 3448 sic

105 3467 227 3538 αγαθόν,
247 3465 280 3522 οὐ
296 3471 376 3522 πᾶσα
394 3465 616 3541 μίντοιαίρετή·
656 3471 745 3522 Ιτολίια
761 3477 868 3533 statuas,
882 3485 922 3520 ms
936 3471 1003 3518 haec
1017 3467 1104 3517 eadam
1120 3482 1179 3518 sen-

103 3537 234 3607 καθαὶπερ
253 3537 300 3590 καὶ
318 3535 352 3591 ἄλ
389 3536 448 3592 dciv
465 3540 543 3590 πᾶσα
567 3555 618 3589 κα·
667 3538 753 3591 surum
766 3537 851 3602 luisse,
865 3538 889 3589 si
904 3536 966 3588 milii
982 3536 1084 3600 integra
1098 3535 1181 3585 omnin

104 3604 165 3670 κὸν,Ι
182 3603 216 3660 οὐ
233 3609 315 3660 παῖσα
332 3554 426 3661 δρᾶεὶ
445 3604 551 3689 φευκτὴ
567 3621 618 3658 πε·
659 3624 698 3683 ..αα
714 3608 796 3670 libera
813 3605 927 3658 inissem.
949 3632 983 3643 -
1001 3631 1035 3642 —·
1053 3603 1180 3680 Quamob-

105 3679 222 3747 φυυυῖα.
256 3676 316 3727 llas.
343 3678 400 3739 141,
421 3693 480 3746 κυρ.
502 3675 560 3734 dod.
587 3676 617 3727 8:
658 3692 728 3741 rem,
738 3675 871 3742 utpaullo
888 3681 946 3725 anto
963 3673 1043 3740 posui,
1055 3673 1080 3724 si
1095 3679 1180 3724 assent

107 3740 234 3817 Οὐδεμία
250 3740 317 3797 καθ’
344 3740 443 3812 ἑαυτὴν
460 3740 546 3810 ἡδονὴ
567 3760 617 3795 κα·
668 3744 752 3796 omnia
767 3744 828 3795 milri
844 3742 1005 3806 solertissima,
1018 3740 1178 3792 tamon'lnr.

105 3811 163 3878 κᾶν,
183 3810 253 3867 ἀλλὰ
271 3807 305 3866 τά
323 3830 408 3868 τινων
425 3810 534 3879 ἡδονῶν
550 3828 618 3864 ποι-
667 3831 692 3881 p.
704 3829 754 3863 uon
771 3812 836 3863 alius
854 3827 933 3864 essem
951 3818 1025 3877 atqm
1041 3824 1105 3860 nunc
1117 3821 1178 3859 sum.

105 3879 186 3948 ηττκά
225 3884 454 3941 πολλαπλασίους
480 3881 618 3954 ,ἐπιφέρει
702 3879 1180 3999 etqmdioptmlvql.ll3ut.1l50,189.

134 3965 177 4008 (lle.
190 3966 223 4007 De
239 3966 324 4008 finibus.
