2634 4478
148 249 190 315 58
500 250 532 302 M.
551 250 661 302 TULLII
678 250 850 301 CICERONIS

146 415 190 468 est
211 405 312 467 iubere
335 406 441 478 dicere,
465 424 523 484 qua
545 406 581 466 de
603 424 636 465 re
658 406 725 484 quis
747 405 833 466 vellet
853 406 965 466 audire
1001 406 1106 467 Audax
1128 424 1225 486 nego-

144 492 229 564 tium,
252 491 379 551 dicerem
402 491 569 568 impudens,
591 490 647 550 nisi
669 491 727 550 hoc
747 490 913 551 institutum
928 500 1029 569 postea
1050 492 1225 552 translatum

115 577 182 637 2ad
204 576 397 655 philosophos
419 584 538 636 nostros
560 584 644 636 esset.
692 575 749 635 Sed
771 582 800 635 et
820 576 912 647 illum,
942 594 1032 654 quem
1062 576 1226 649 nominari,

146 671 176 722 et
197 669 309 722 ceteros
327 661 482 739 sophistas,
505 668 538 721 ut
560 679 576 720 e
597 660 718 720 Platone
745 659 872 739 intellegi
900 669 1005 739 potest,
1032 661 1115 722 lusos
1137 662 1224 722 ride·

146 765 214 806 mus
232 765 248 806 a
270 747 399 808 Socrate.
427 747 456 807 ls
472 745 552 806 enim
569 745 771 823 percontando
788 753 876 823 atque
889 746 1100 825 interrogando
1117 746 1224 806 elicere

146 831 259 892 solebat
280 850 385 892 eorum
407 831 572 909 opiniones,
596 828 774 909 quibuscum
790 829 958 903 disserebat,
981 838 1014 891 ut
1029 831 1066 891 ad
1088 849 1131 903 ea,
1149 848 1226 909 quae

145 916 166 976 ii
185 915 418 994 respondissent,
441 916 465 976 si
489 915 560 993 quid
591 914 748 988 videretur,
772 914 888 976 diceret.
936 917 993 989 Qui
1021 933 1087 976 mos
1115 933 1226 976 cuma

145 1000 360 1079 posterioribus
380 1018 442 1059 non
461 1009 538 1060 esset
566 1008 707 1072 retentus,
738 1000 881 1060 Arcesilas
909 1019 978 1061 eum
1005 1001 1157 1062 revocavit
1174 1001 1224 1062 iu-

145 1085 298 1164 stituitque
320 1094 352 1146 ut
373 1085 402 1157 ii,
425 1086 476 1163 qni
499 1103 531 1146 se
553 1084 654 1145 audire
672 1085 798 1156 <vehent
824 1102 886 1145 nou
917 1086 953 1146 de
985 1104 1017 1146 se
1038 1095 1226 1164 quaererent,

145 1303 205 1353 oder
234 1302 282 1352 wie
313 1302 382 1365 hier,
412 1302 491 1352 selbst
520 1317 593 1352 wana
617 1301 658 1352 bei
712 1304 774 1355 102:
792 1301 878 1368 qui—
891 1301 974 1352 dicere
992 1303 1117 1368 iuberent,
1134 1304 1226 1370 siquis

144 1372 238 1422 andern
247 1370 343 1421 Nomen
355 1370 572 1434 diebostimrnung
584 1369 657 1434 lelgt,
710 1371 768 1436 qnid
786 1377 926 1437 quaereret.
950 1371 981 1422 de
998 1372 1065 1436 legg.
1083 1370 1108 1435 l,
1127 1375 1158 1436 6,
1180 1375 1225 1425 19:

144 1440 213 1490 brut.
238 1441 268 1501 8,
294 1441 340 1492 30:
376 1439 512 1490 Leontinus
542 1437 658 1503 Gorgias,
709 1439 797 1503 legem,
810 1438 998 1503 euieavissit,
1015 1447 1044 1490 ut
1058 1439 1227 1492 rectofacere

144 1507 348 1573 Thrasymachus
374 1506 556 1565 Calchedonius
574 1545 580 1558 .
600 1545 606 1557 .
626 1544 631 1557 .
652 1545 657 1557 .

104 1586 106 1591 ’
144 1575 246 1642 Hippias
280 1575 363 1625 Eleus.
421 1574 451 1625 G.
488 1575 556 1625 lebte
591 1581 659 1626 ctwa

145 1644 270 1695 zwischcn
297 1645 347 1696 483
373 1660 397 1694 u.
426 1646 489 1707 3753
519 1643 581 1693 iiber
604 1643 657 1694 scin

144 1713 221 1763 hohas
244 1711 330 1762 Alter:
355 1711 414 1762 Cat..
433 1728 465 1762 m.
491 1715 521 1775 5,
550 1715 588 1764 13.
623 1711 658 1760 Er

144 1796 200 1831 war
228 1780 363 1844 eigeutlich
386 1780 485 1832 Redner
515 1798 539 1830 u.
569 1780 658 1831 wollte

144 1849 215 1899 nieht
245 1866 276 1899 zu
314 1851 360 1900 den
389 1848 521 1916 Sophisten
557 1849 659 1913 geniihlt

143 1918 259 1982 werden3
278 1921 328 1970 42¹1
346 1918 403 1967 kam
421 1933 449 1968 er
467 1918 505 1968 als
517 1916 658 1968 Gesandter

143 1985 226 2036 seiher
260 1986 410 2037 Vaterstadt
444 1985 560 2037 Leontini
595 1988 658 2036 nach

143 2054 227 2104 Athen
244 2072 268 2104 u.
288 2055 386 2104 erwarb
410 2053 465 2104 sich
488 2056 565 2104 durch
588 2055 657 2105 scine

143 2123 271 2186 Vortrligc
286 2123 357 2172 cinon
367 2122 580 2185 solchenBcilall,
599 2124 657 2174 dass

143 2207 201 2240 man
224 2190 263 2240 dic
287 2190 369 2254 Tage,
394 2206 427 2240 an
450 2192 529 2242 denen
552 2206 580 2241 cr
604 2191 657 2242 sich

144 2258 272 2309 liffentlich
289 2260 367 2309 hdrcn
385 2258 459 2322 lices,
483 2259 521 2309 als
538 2258 657 2323 chttago

143 2326 312 2378 bezeichneto.
342 2326 415 2377 buch
430 2327 612 2378 untcrrichtete
630 2343 658 2378 cr

143 2393 185 2446 hir
202 2397 280 2445 hohas
297 2395 419 2458 llonorar,
437 2412 462 2445 n.
481 2395 512 2446 Α.
530 2411 586 2446 war
603 2395 656 2446 Iso-

144 2470 227 2515 crates
250 2463 304 2514 scin
322 2463 434 2514 Schiilcr.
469 2464 515 2515 llio
533 2463 656 2515 Gricclacn

144 2532 224 2583 sollen
252 2534 306 2583 dem
324 2531 354 2583 G.
373 2549 404 2582 au
421 2532 512 2599 Delphi
529 2532 585 2584 eine
601 2533 658 2597 gol-

145 2601 342 2652 dencBilds‘dulc
360 2601 470 2665 gcwciht
487 2601 576 2652 haben.
598 2601 657 2665 Vgl.

145 2672 175 2720 de
194 2685 229 2720 or.
248 2669 267 2733 l,
287 2672 329 2733 22,
351 2672 407 2722 103.
442 2669 484 2733 lll,
504 2672 546 2733 32,
567 2673 624 2722 129.

173 2755 271 2800 poscere
287 2741 454 2802 quaestionem]
478 2737 551 2788 Tuse.
571 2737 613 2800 ΠΙ,
632 2741 657 2802 3,

145 2810 173 2858 7:
191 2807 293 2873 poposci
309 2822 394 2857 eorum
409 2807 524 2872 aliquem,
542 2807 584 2872 qni
596 2808 657 2858 ade-

144 2882 216 2938 rant,
236 2891 335 2924 causam
353 2875 498 2926 disserendi.
533 2875 563 2927 de
581 2891 617 2925 or.
637 2874 656 2937 Ι,

144 2945 193 3004 22,
221 2947 283 2994 102:
313 2944 526 3006 quaestiunculam
557 2959 656 3009 ponere.

144 3009 209 3060 Plat.
229 3009 304 3073 Gorg.
324 3011 343 3072 l,
368 3029 390 3076 p.
410 3015 475 3075 447,
500 3028 526 3060 c:
551 3011 657 3063 ἐκέλευε

142 3071 214 3145 γοῦν
233 3077 285 3130 νῦν
304 3076 346 3144 δὴ,
358 3072 451 3143 (Gorg.)
476 3079 581 3149 ἐρωτᾶν
598 3076 613 3131 ὅ
630 3083 659 3130 τί

709 1507 823 1570 iuberet,
847 1513 920 1558 vetat
938 1508 1088 1575 delinquere.
1118 1512 1152 1560 ad
1169 1509 1225 1560 Att.

708 1574 780 1639 XVI,
799 1579 839 1638 15,
855 1579 883 1628 5:
901 1577 1038 1643 desperatis
1050 1583 1122 1628 vetat
1131 1577 1225 1645 llippo·

710 1649 793 1694 crates
822 1643 940 1695 adhibere
972 1645 1127 1697 medicinam.
1171 1646 1225 1711 vgl.

708 1711 754 1763 lin.
773 1712 790 1776 ξ
808 1715 858 1765 569
875 1712 905 1762 Α.
927 1716 949 1765 1.
1284 1717 1288 1721 ’

738 1785 893 1844 philosophae
899 1783 1000 1845 noeros]
1009 1782 1049 1833 die
1059 1781 1225 1833 Academiker

709 1866 728 1900 s.
748 1848 765 1914 ξ
783 1853 807 1902 2.
842 1849 919 1900 Aead.
945 1850 968 1914 l,
988 1854 1017 1916 4,
1046 1854 1091 1904 1¹1:
1123 1851 1225 1917 utrique

709 1918 795 1980 (head.
813 1935 837 1967 u.
856 1915 975 1985 Peripat.)
993 1947 1026 1967 -,
1043 1918 1115 1969 illam
1132 1919 1224 1970 Socra-

707 1986 785 2036 ticam
803 1986 958 2037 dubitantem
976 1987 1006 2038 de
1018 1987 1131 2038 omnibus
1148 1988 1224 2038 rebus

709 2062 735 2105 et
753 2055 823 2104 nulla
841 2053 1007 2106 affirmatione
1031 2055 1145 2126 adhibita
1162 2072 1223 2106 con-

708 2123 863 2174 suetudinem
893 2123 1030 2174 dissercndi
1059 2124 1223 2191 reliquerant.

743 2194 767 2248 2.
786 2196 850 2242 lucca
861 2195 991 2255 anonae]
1007 2193 1077 2244 Brut.
1096 2195 1139 2257 85,
1157 2194 1222 2246 292:

709 2260 773 2326 apud
790 2258 918 2318 Platonem
936 2261 1054 2312 Socrates
1077 2261 1104 2311 in
1127 2261 1225 2312 coelam

709 2329 783 2388 affert
791 2328 907 2379 laudibus
917 2328 1089 2393 Protagoram,
1100 2329 1223 2396 Hippiam,

707 2396 853 2460 Prodicum,
887 2396 1020 2462 Gorgiam,
1049 2404 1161 2461 ceteros3
1197 2413 1225 2449 se

709 2472 793 2516 autem
812 2466 919 2517 omnium
936 2481 1019 2517 rernm
1034 2466 1140 2524 iareim
1151 2467 1226 2531 lingit

710 2535 846 2591 stradam.

743 2606 768 2652 ei
784 2605 846 2665 quid
859 2604 988 2665 νίᾱνννινν]
1004 2619 1040 2653 ac.
1058 2603 1150 2654 dicero.
1168 2602 1223 2668 vgl.

710 2672 741 2720 do
759 2672 800 2720 off.
818 2670 843 2733 l,
864 2673 911 2734 32,
933 2673 994 2725 118:
1020 2671 1062 2737 qui
1085 2671 1224 2736 imitamur,

709 2755 770 2805 quos
788 2739 876 2803 cuique
893 2738 975 2798 risum
987 2746 1040 2790 ost.

741 2809 873 2871 Arcesilae]
893 2824 939 2859 aus
957 2806 1048 2860 Pitane
1062 2807 1087 2857 in
1104 2806 1224 2860 lemtim

709 2877 865 2929 316-241.
919 2876 1024 2928 Schiiler
1058 2877 1102 2928 das
1139 2875 1223 2943 Perip.

708 2943 893 3010 Theophrastus
911 2963 935 2996 u.
954 2946 997 2996 des
1014 2943 1093 2997 Anu
1107 2943 1223 3008 Polcm03

707 3011 861 3077 Naehfolger
897 3014 940 3063 des
969 3011 1064 3064 Kratas
1092 3011 1140 3080 aul
1167 3014 1224 3064 dem

708 3081 778 3135 acad.
803 3081 953 3132 Lehastuhlo
980 3083 1032 3132 und
1057 3080 1149 3133 sunan
1177 3082 1224 3133 der

142 3164 182 3204 τις
194 3145 320 3212 βούλοιτο
332 3149 387 3199 τῶν
401 3146 483 3210 ἔνδον
496 3143 594 3214 ὅντων,
609 3151 657 3199 καὶ
708 3149 966 3213 zweitenrlcademia3
981 3150 1115 3202 bosonders
1122 3149 1224 3215 Gesner

142 3213 212 3284 πρὸς
229 3212 340 3268 ἅπαντα
358 3213 413 3283 ἔφη
432 3212 654 3284 ἀποκρινεῖσθαι.
708 3218 751 3268 des
766 3217 880 3268 Stoilaers
888 3218 963 3270 Zeno.
990 3217 1100 3283 handel,
1120 3217 1222 3282 1215.
1248 3245 1254 3253 ·

177 3287 257 3336 lubere
268 3285 351 3347 dicere]
364 3285 415 3349 Cic.
428 3291 495 3334 rotat
506 3286 570 3335 nacla
578 3289 658 3336 iubere
707 3284 738 3336 Α.
761 3286 871 3349 negabat
901 3302 956 3341 esse
979 3287 1124 3354 quicquam,
1157 3287 1224 3352 qaod

142 3354 191 3403 den
204 3352 341 3404 Infinllct.
360 3353 534 3417 obneAccns,
552 3370 593 3404 wo
610 3355 655 3404 das
706 3353 875 3419 scimvposset.
1135 3363 1143 3405 .’

142 3421 212 3484 Snbj.
225 3422 279 3472 sich
293 3422 657 3487 lciehterg'anzcnliisstodcr
723 3426 902 3487 ancillarique,
926 3434 953 3475 ut
971 3428 1005 3486 ii,
1029 3428 1074 3489 qna·
1095 3425 1230 3481 accudere

141 3490 182 3539 bei
206 3491 260 3540 dem
283 3490 394 3541 Verbum
411 3495 513 3556 finitam
535 3490 562 3540 in
586 3492 655 3541 dcm-
705 3494 865 3552 cellerannan
880 3494 1105 3557 decoquererant]
1120 3491 1148 3543 in
1166 3491 1222 3543 dean

142 3558 227 3608 selben
250 3559 332 3622 liegen
355 3561 405 3610 und
429 3560 499 3615 nieht
521 3559 655 3610 besonders
706 3558 894 3612 Absiohtssatzc
917 3560 964 3611 mit
980 3571 1008 3612 ut
1024 3561 1151 3619 wira-tm
1168 3558 1221 3613 lle·

142 3627 311 3691 ausgedriickt
334 3627 388 3677 scin
413 3630 507 3679 wiirdc.
542 3629 611 3679 Brut.
629 3632 654 3692 4,
707 3628 825 3678 llexivum
843 3635 956 3693 gesem,
981 3629 1090 3694 bezogen
1114 3625 1161 3682 aut
1176 3628 1223 3679 du

144 3698 189 3748 15:
207 3693 271 3744 Illud
281 3695 423 3745 Hesiodium
436 3725 468 3732 -
481 3696 568 3747 cadem
584 3711 675 3753 menz
706 3696 776 3760 Subi.
806 3698 849 3748 des
879 3698 1059 3764 Hauptsataes3
1088 3696 1163 3749 Tuae.
1186 3696 1221 3760 V,

141 3779 201 3814 sura
217 3764 322 3814 reddere
339 3763 423 3827 iubet,
448 3781 496 3830 qna
520 3765 653 3831 acceperis.
707 3767 754 3828 20,
779 3767 824 3818 58:
855 3764 1006 3833 (Dionysius)
1034 3766 1066 3823 ab
1096 3766 1137 3825 lais
1159 3765 1233 3832 ipsis.

141 3833 173 3880 ad
191 3831 244 3883 Act.
262 3830 332 3896 Xlll,
354 3835 399 3885 17:
417 3832 485 3883 Tuae
503 3833 653 3885 litterae-
707 3832 822 3898 (filiabus)
841 3861 874 3874 μ-
891 3832 985 3885 ferrum
1002 3834 1125 3898 removit,
1143 3833 1234 3885 inam.

141 3906 210 3951 recte
227 3916 329 3966 sperare
346 3900 441 3952 iubent.
469 3902 499 3951 de
518 3917 554 3952 or.
574 3901 593 3966 l,
611 3905 652 3966 223
704 3902 815 3966 luitque,
840 3910 868 3953 ut
886 3902 1051 3954 candentibus
1068 3901 1233 3970 numana,
