2632 4516
171 249 213 314 48
534 251 567 303 Μ.
585 250 694 303 TULLII
713 250 885 303 CICERONIS

174 406 231 467 mis
261 414 289 467 et
311 407 400 466 animi
424 414 451 466 et
474 406 607 485 corporis
636 407 843 485 voluptatibus,
873 406 1025 479 videtisne,
1055 425 1145 486 quarn
1174 408 1247 469 nihil

171 491 425 570 praetermittatur,
448 491 528 570 quod
550 491 639 552 vitam
655 492 780 565 adiuvet,
803 510 863 570 quo
878 493 992 552 facilius
1006 492 1045 565 id,
1069 492 1150 571 quod
1172 511 1247 572 pro-

171 577 303 655 positum
318 584 369 648 est,
393 594 546 636 summum
562 576 677 637 bonum
694 574 936 655 consequamur?
963 576 1073 638 Clamat
1088 578 1246 657 Epicurus,

170 663 205 733 is,
229 679 317 739 quem
340 679 393 721 vos
409 661 496 722 nimis
510 661 706 739 voluptatibus
723 681 787 723 esse
801 662 933 723 deditum
948 661 1050 735 dicitis,
1061 717 1063 723 .
1073 681 1135 723 non
1157 681 1247 741 posse

169 746 300 807 iucunde
321 745 388 819 vivi,
411 745 468 806 nisi
490 745 646 824 sapienter,
668 747 791 807 honeste
812 748 947 825 iusteque
970 748 1094 821 vivatur,
1117 766 1173 808 nec
1196 768 1246 810 sa-

124 857 156 907 58
170 833 293 910 pientes,
315 831 449 903 honeste,
467 831 551 904 iuste,
574 831 630 891 nisi
659 831 798 893 iucunde.
844 833 948 911 Neque
977 833 1057 893 enirn
1086 833 1197 894 civitas,
1212 834 1246 894 in

170 917 313 977 seditione
334 915 417 976 beata
439 935 503 976 esse
517 912 615 995 potest
629 935 685 977 nec
706 916 737 976 in
752 917 897 977 discordia
912 917 1104 978 dominorum
1119 918 1246 992 domus;

170 1020 230 1079 quo
254 1001 352 1061 miuus
375 1001 491 1061 animus
514 1020 530 1061 a
552 1020 584 1062 se
612 1000 675 1079 ipse
705 1002 849 1063 dissidens
880 1020 1041 1081 secumque
1067 1003 1245 1064 discordans

171 1095 287 1165 gustare
302 1094 417 1165 partem
432 1086 520 1146 ullam
542 1087 669 1165 liquidae
685 1088 840 1165 voluptatis
863 1096 892 1148 et
913 1087 1021 1148 liberae
1034 1096 1147 1166 potest3
1164 1089 1247 1166 atqui

170 1166 371 1250 pugnantibus
408 1179 436 1232 et
466 1171 619 1232 contrariis
649 1172 753 1233 studiis
783 1171 972 1250 consiliisque
1006 1191 1125 1252 semper
1159 1181 1245 1234 utens

123 1273 155 1324 59
170 1256 243 1317 nihil
266 1255 355 1334 quieti
378 1256 493 1329 ridere,
516 1256 588 1317 nihil
610 1257 759 1335 tranquilli
788 1266 893 1336 potest.
937 1258 1024 1331 Quod
1055 1259 1080 1318 si
1109 1259 1245 1337 corporis

170 1341 353 1420 gravioribus
383 1341 495 1401 morbis
523 1342 597 1402 ritae
619 1342 784 1403 iucunditas
814 1343 982 1421 impeditur,
1013 1350 1123 1421 quanto
1152 1344 1245 1424 magis

165 1427 259 1486 animi
276 1425 388 1486 morbis
409 1426 547 1505 impediri
568 1444 689 1488 necesse
711 1425 769 1488 est!
815 1428 913 1488 Animi
935 1437 1033 1489 autem
1056 1426 1154 1488 morbi
1176 1437 1246 1490 sunt

162 1510 338 1589 cupiditates
353 1511 515 1571 immensae
537 1519 565 1572 et
578 1512 680 1572 inanes
697 1512 873 1585 divitiarum,
891 1512 1007 1592 gloriae,
1024 1513 1244 1587 dominationis,

167 1595 392 1675 libidinosarum
414 1596 501 1656 etiam
522 1597 723 1675 voluptatum3
746 1597 890 1657 accedunt
911 1598 1116 1676 aegritudines,
1149 1599 1245 1660 mole-

169 1681 248 1753 stiae,
271 1698 430 1752 maerores,
454 1681 505 1760 qui
528 1682 657 1743 exedunt
671 1683 785 1743 animos
807 1683 1026 1762 nuntialumque
1041 1683 1120 1743 curis
1144 1683 1245 1744 homi-

163 1784 243 1826 num
265 1783 329 1825 non
351 1766 581 1845 intellegentium
603 1766 677 1828 nihil
699 1767 862 1828 dolendum
885 1786 952 1828 esse
972 1768 1079 1842 anImo,
1103 1767 1186 1846 quod
1208 1769 1247 1830 sit

168 1870 184 1910 a
214 1851 314 1911 dolore
345 1853 478 1930 corporis
507 1853 655 1930 praesenti
683 1855 822 1914 futurove
851 1853 1028 1914 seiunctum.
1088 1853 1244 1915 Nec.vero

170 1936 327 2014 quisquam
342 1937 447 1997 stultus
470 1955 532 1996 non
554 1936 664 1998 horum
686 1938 862 1999 morborum
884 1939 981 2017 aliquo
1002 1937 1130 1999 laborat:
1152 1949 1243 2000 nanto

120 2020 256 2100 adigitur
278 2029 405 2082 estnon
428 2022 525 2082 miser.
570 2022 690 2084 Accedit
710 2024 796 2084 etiam
819 2042 909 2096 mors,
933 2041 1017 2101 quae,
1040 2023 1123 2102 quasi
1139 2042 1245 2084 saxum

61 2123 64 2127 ·
170 2106 299 2178 Tantalo,
312 2124 434 2185 semper
455 2107 614 2185 impendet,
633 2116 698 2169 tum
721 2109 898 2187 superstitio,
922 2126 980 2187 qua
1002 2109 1054 2187 qui
1076 2116 1120 2170 est
1141 2109 1244 2170 imbu-

166 2321 282 2387 Tugend,
307 2325 370 2374 ohne
388 2324 456 2375 diese
472 2325 543 2375 wiire
560 2340 617 2375 man
633 2327 680 2375 mit
730 2325 828 2377 dem—
839 2325 951 2392 Apollini
968 2331 1029 2376 nota
1042 2341 1098 2378 esso
1109 2327 1245 2392 censebam

166 2391 220 2441 sich
242 2391 323 2442 selbst
351 2391 384 2442 im
406 2392 545 2459 Zwiespalt
566 2411 590 2444 u.
616 2394 679 2444 ohne
730 2409 777 2460 quo
795 2393 875 2445 minus
892 2392 991 2445 lutura!

167 2460 310 2524 Ruhc,man
318 2461 405 2512 wiirdc
415 2461 679 2514 vonLeidcnschallen
735 2480 740 2489 ¹
764 2467 870 2528 liquidae
885 2465 1021 2526 voluptate]
1039 2463 1091 2528 vgl.
1109 2461 1184 2515 Lacr.
1201 2461 1245 2529 III,

166 2547 189 2580 u.
209 2528 304 2580 Furcht
320 2530 437 2596 geqndlt‚
457 2531 516 2581 oder
533 2532 593 2582 seha
610 2532 679 2582 scine
729 2534 776 2584 40:
801 2546 880 2597 neque
903 2531 980 2582 ullam
1002 2531 1064 2583 Esse
1088 2532 1246 2599 voluptatem

165 2597 321 2663 Hoffnungen
338 2600 478 2663 gestissent.
729 2599 850 2665 liquidam
882 2615 1000 2667 aramque
1018 2599 1145 2666 relinquit.
1181 2635 1184 2640 ‚

199 2684 271 2731 qaam
288 2670 352 2719 athal
361 2669 447 2731 praet]
465 2667 517 2733 vgl.
528 2668 560 2718 ad
568 2667 622 2718 Ate.
631 2665 678 2731 IX,
763 2671 839 2734 atqua]
857 2616 927 2719 rhua
941 2669 988 2719 den
1004 2668 1107 2719 Schlnss
1125 2670 1246 2734 einpbin

166 2737 238 2799 2,1:
265 2751 336 2802 quam
363 2735 427 2787 nihil
449 2736 629 2802 praetermittis
652 2735 679 2786 in
729 2735 1246 2802 Stratkannsanichtgliiekliohsein-

166 2803 270 2856 consilio
288 2805 383 2868 dando,
408 2820 481 2871 quam
499 2805 562 2855 nihil
579 2833 613 2842 -
630 2818 678 2856 ex·
729 2805 901 2870 vlelweniger
912 2805 1061 2871 oineScele,
1073 2806 1245 2858 wihrcnd'sie

162 2870 251 2936 plicas.
269 2873 295 2922 in
313 2872 388 2924 Verr.
405 2872 425 2936 1,
445 2876 486 2938 35,
505 2875 547 2927 89.
729 2873 776 2924 mit
792 2874 847 2925 sich
862 2873 952 2927 uncins
968 2873 1016 2938 ist3
1042 2885 1125 2925 wenn-
1139 2875 1184 2926 sle*
1195 2892 1246 2926 nun

200 2942 292 3003 ahma]
311 2941 362 3004 vgl.
380 2938 418 3005 11,
440 2944 485 3005 16,
504 2944 544 2994 51.
569 2944 617 3006 20,
636 2944 678 2995 65.
724 2942 1246 3007 aberimmertmaperatmiindiesm

166 3006 209 3071 IV,
232 3011 270 3070 19,
290 3011 331 3060 55.
464 3035 467 3041 ¹
622 3031 625 3036 ·
648 3056 651 3063 ,
729 3011 856 3062 Zustande
873 3010 917 3074 ist,
934 3028 963 3062 so
978 3012 1045 3062 kann
1061 3012 1098 3062 sia
1113 3013 1246 3076 gar-kene

199 3092 249 3126 aaa
261 3092 333 3137 pocae
346 3081 449 3128 maceda
465 3081 516 3128 clai
533 3079 591 3140 cet]
602 3075 677 3144 Epic.
728 3079 801 3131 Rahe
819 3077 1037 3144 (Gliicksaligkcit)
1055 3080 1145 3131 finden.
1186 3107 1189 3111 ·

165 3143 275 3195 adblen,
307 3144 379 3208 Illos.
398 3144 426 3195 L.
444 3144 556 3211 x,132.
575 3163 599 3196 u.
618 3142 677 3216 κύρ.
724 3191 728 3197 .
762 3149 850 3210 vidue]
867 3148 920 3212 vgl.
933 3164 970 3215 pr.
980 3147 1034 3200 llil.
1043 3151 1086 3212 28,
1101 3151 1148 3202 ts:
1166 3148 1246 3216 Spero

165 3206 223 3273 δόξ.
242 3215 265 3266 5.
284 3214 337 3265 das.
353 3215 414 3266 140:
435 3209 494 3265 Οὐκ
506 3211 580 3265 ἔστιν
591 3210 679 3278 ἡδέως
727 3216 808 3266 multa
819 3231 864 3266 nos
874 3216 949 3267 -iu
965 3217 1094 3283 republica
1105 3217 1172 3268 boam
1187 3231 1246 3269 csse

166 3283 214 3346 ζῆν
225 3277 291 3336 ἄνευ
305 3281 354 3333 τοῦ
371 3283 519 3351 φρονίμως
530 3282 578 3335 καὶ
588 3283 679 3340 καλῶς
722 3283 836 3336 ¹v‘uuras.
900 3330 903 3334 ,

164 3351 212 3402 aral
229 3349 355 3418 δικαίως,
381 3347 678 3434 οὐδ’ὲ-φρονίριωςικαὶ
764 3356 806 3407 59.
822 3369 890 3403 mma
906 3355 992 3419 ἐρίδων]
1011 3370 1046 3405 se.
1064 3358 1165 3419 amhae,
1181 3370 1246 3406 ,was

164 3421 252 3479 καλῶς
262 3421 309 3473 καὶ
318 3417 433 3478 δικαίως
441 3415 509 3472 a’a'aav
519 3437 567 3472 rev
575 3415 676 3485 ἡδέως·
728 3422 792 3472 auch
803 3421 894 3487 Einige
911 3420 1072 3488 hiuzuhigen,
1090 3424 1154 3474 ohne
1166 3421 1245 3487 Noth,

163 3486 262 3554 δτῳδὲ
275 3487 314 3559 μὴ
332 3484 451 3559 ὑπάρχει
468 3490 514 3553 ζῆν
532 3491 621 3559 appar(
642 3506 678 3548 ως
710 3491 768 3542 ,da
795 3491 905 3541 naahhcr
935 3492 1000 3541 auch
1033 3507 1081 3542 nur
1105 3507 1160 3542 ron
1187 3492 1245 3543 dan

161 3558 211 3608 ,καὶ
229 3556 319 3615 καλῶς
336 3562 382 3610 καὶ
401 3557 529 3620 δικαίως,
550 3553 602 3610 οὐκ
617 3507 678 3611 Iota
728 3557 828 3609 'l'haren
846 3559 887 3610 die
904 3558 973 3611 liade
990 3559 1032 3610 ist.
1188 3590 1191 3595 ‹

163 3621 369 3689 retractatae
386 3626 440 3692 ζῆν.
466 3627 517 3692 vgl.
536 3643 558 3679 c.
577 3630 616 3690 13,
635 3630 677 3681 42.
764 3631 805 3680 60.
829 3629 937 3691 Tantalo]
961 3627 1002 3681 die
1020 3628 1119 3694 Qualen
1139 3627 1245 3693 destT,

163 3693 200 3758 II,
222 3697 267 3756 16,
287 3698 328 3748 tt.
362 3694 435 3747 Tusc.
454 3695 627 3759 111,2o,4a.
646 3697 678 3746 ad
728 3693 825 3760 Iibnigs
842 3713 892 3746 von
910 3696 1016 3763 hydion,
1033 3712 1121 3748 waren
1137 3697 1245 3764 spriich-

164 3760 221 3813 lam.
240 3763 299 3827 XV,
322 3766 360 3826 19,
380 3767 403 3816 2.
728 3763 860 3829 wdrtlich5
885 3763 942 3817 hier
965 3765 1030 3815 wird
1055 3765 1095 3817 die
1112 3765 1179 3831 Sapo
1196 3781 1247 3816 an·

198 3834 239 3884 58.
257 3848 305 3898 qua
317 3833 407 3898 mmm]
423 3855 457 3875 ει
474 3843 530 3884 etea
540 3837 629 3884 mimae.
647 3833 677 3883 dc
728 3848 886 3952 peremtum,
910 3833 960 3885 wie
983 3833 1091 3885 sie-sich
1107 3836 1186 3887 aanor
1202 3833 1247 3886 bei

163 3897 208 3951 iat.
230 3902 334 3964 14,’33;
361 3900 401 3952 Ita
418 3917 449 3952 nc
466 3902 607 3968 praeterita
622 3902 677 3968 qni-
749 3901 822 3952 indar
845 3902 884 3954 01:
912 3906 942 3967 1,
968 3905 1009 3957 30.
1056 3902 1116 3954 Isth.
1133 3905 1245 3968 .a‚-1c.
