2634 4478
199 257 241 309 DE
258 256 385 309 FINIBUS
403 255 563 309 BONORUM
580 255 623 307 ET
641 255 805 307 monum
822 251 840 307 I.
861 258 900 319 17,
919 259 1029 309 55-57.
1049 258 1088 309 18.
1133 256 1173 319 41

102 433 179 488 mus,
200 414 263 474 lieri
281 424 380 474 tamen
402 429 563 492 permagna
578 410 705 471 accessio
720 418 825 488 potest,
847 410 872 470 si
886 410 1005 487 aliquod
1020 418 1176 471 aeternum

100 507 131 560 et
158 499 307 560 inlinitum
329 496 502 576 impendere
532 496 644 556 malum
673 495 759 555 nohis
783 496 958 574 opinemur3
989 495 1070 572 quod
1096 495 1176 555 idem

100 584 168 645 licet
195 587 357 644 transferre
387 583 418 643 in
448 582 636 660 voluptatem,
669 589 701 641 ut
732 599 766 640 ea
795 581 889 640 maior
911 580 956 652 sit,
979 580 1004 640 si
1026 580 1099 640 nihil
1119 580 1175 641 tale

102 678 277 730 metuamus.
307 669 369 729 lam
390 666 460 727 illud
484 666 604 745 quidem
618 665 809 745 perspicuum
832 673 884 738 est,
905 665 995 726 animi
1017 665 1176 726 maximam
1189 664 1222 714 56

101 761 153 815 aut
161 754 346 832 ¹voluptatem
369 760 419 813 aut
432 751 596 812 molestiam
617 751 685 829 plus
700 759 752 812 aut
772 750 809 810 ad
824 749 937 811 beatam
961 758 1011 810 aut
1031 750 1068 810 ad
1084 751 1174 810 mise-

101 857 166 899 ram
186 839 277 900 vitam
299 838 414 898 adferre
437 837 588 909 momenti,
611 854 701 914 quam
731 853 837 917 eorum
858 835 1014 907 utrumvis,
1036 835 1061 895 si
1082 852 1175 913 aeque

101 924 152 984 diu
175 924 259 985 sitin
280 941 415 1001 corpore.
444 922 512 983 Non
534 921 629 1000 placet
649 929 748 981 autem
763 920 889 981 detracta
910 920 1058 999 voluptate
1080 921 1174 998 aegri-

102 1009 239 1070 tudinem
261 1008 358 1069 statim
380 1007 531 1085 consequi,
553 1005 610 1067 nisi
631 1005 662 1067 in
684 1006 841 1084 voluptatis
862 1006 963 1067 locum
991 1005 1076 1065 dolor
1099 1008 1176 1066 forte

101 1094 293 1166 successerit3
322 1101 352 1154 at
380 1101 482 1153 contra
511 1092 650 1170 gaudere.
668 1099 786 1152 nosmet
815 1089 983 1151 omittendis
1014 1091 1174 1163 doloribus,

101 1180 189 1240 etiam
211 1180 235 1240 si
257 1179 392 1257 voluptas
415 1195 457 1249 ea,
480 1194 555 1255 qnae
577 1194 699 1236 sensum
729 1183 854 1247 moveat,
883 1175 964 1236 nulla
985 1176 1174 1248 successerit3

101 1282 198 1342 eoque
219 1263 346 1342 intellegi
362 1270 467 1341 potest,
491 1269 600 1340 quanta
622 1261 757 1338 voluptas
776 1261 814 1322 sit
834 1277 897 1320 non
920 1260 1030 1320 dolere.
1063 1261 1121 1321 Sed
1143 1269 1176 1323 ut
1189 1265 1221 1314 tt

101 1348 136 1409 iis
165 1349 252 1409 honis
276 1348 426 1427 erigimur,
459 1364 534 1425 quae
557 1353 769 1424 exspectamus,
799 1346 842 1406 sic
870 1345 1013 1406 laetamur
1033 1344 1078 1418 iis,
1101 1363 1176 1424 quae

100 1433 310 1505 recordamur3
339 1432 419 1494 stulti
448 1439 547 1492 autem
569 1431 716 1492 malorum
746 1430 889 1492 memoria
918 1438 1104 1508 torquentur,
1126 1449 1175 1490 sa-

101 1519 215 1598 pientes
236 1518 315 1579 hona
337 1517 492 1596 praeterita
514 1525 593 1595 grata
623 1516 825 1577 recordatione
855 1523 995 1576 renovata
1023 1516 1176 1576 delectant.
1216 1533 1220 1540 ·

101 1604 154 1664 Est
174 1612 272 1665 autem
294 1604 385 1664 situm
402 1602 433 1663 in
456 1601 552 1675 nohis,
574 1609 608 1662 ut
629 1610 658 1662 et
679 1601 800 1663 adversa
823 1601 906 1679 quasi
935 1608 1077 1680 perpetua
1100 1601 1176 1662 ohli-

101 1689 190 1749 vione
212 1687 375 1749 obruamus
398 1696 427 1748 et
449 1687 579 1748 secunda
591 1685 722 1747 iucunde
744 1705 778 1747 ac
792 1686 921 1748 suaviter
937 1687 1176 1758 meminerimus;

102 1773 155 1833 sed
177 1790 245 1833 cum
268 1791 311 1845 ea,
334 1789 409 1850 quae
430 1770 654 1850 praeterierunt,
674 1771 735 1831 aeri
749 1771 863 1833 animo,
879 1778 908 1831 et
937 1779 1046 1832 attento
1076 1772 1175 1832 intue-

103 1875 181 1930 mm,
199 1865 263 1918 tum
285 1858 326 1929 fit,
348 1865 381 1917 ut
402 1856 553 1935 aegritudo
576 1864 725 1934 sequatur,
755 1857 780 1917 si
808 1856 857 1916 illa
879 1855 955 1915 mala
975 1856 1043 1928 sint,
1064 1856 1176 1928 laetitia,
1284 1920 1290 1931 Ι

101 1943 128 2003 si
150 1941 237 2003 hona.

188 2027 213 2088 0
242 2027 421 2106 praeclaram
449 2026 532 2086 beate
555 2026 673 2086 vivendi
703 2034 732 2086 et
752 2033 884 2105 apertam
914 2033 942 2086 et
963 2023 1125 2103 simplicem
1148 2031 1178 2086 et
1192 2031 1234 2094 18

103 2112 241 2174 directam
271 2109 364 2173 viam!
408 2112 483 2173 Cum
512 2112 592 2171 enim
623 2119 701 2172 certe
727 2111 798 2171 nihil
819 2109 934 2171 homini
955 2110 1050 2189 possit
1071 2109 1176 2171 melius

103 2216 167 2258 esse
190 2216 280 2276 quam
303 2215 406 2258 vacare
428 2198 511 2258 omni
532 2196 635 2258 dolore
665 2204 694 2256 et
723 2196 855 2256 molestia
884 2196 1059 2275 perfruique
1082 2195 1176 2256 maxi-

102 2398 160 2461 εει]
176 2400 257 2448 animo
268 2398 313 2447 mit
331 2397 398 2448 allen
413 2394 613 2447 llandschrihcn.
664 2399 716 2449 τοῦ
731 2399 873 2468 μεγέθους
888 2396 943 2450 τῶν
954 2392 1064 2462 ἡδονῶν
1075 2383 1094 2461 ἡ
1104 2412 1177 2449 παν-

107 2469 138 2518 Ut
153 2466 206 2531 vgl.
219 2464 264 2516 llr.
282 2464 372 2531 tuot,
390 2466 420 2515 Α.
442 2469 462 2518 1.
480 2483 552 2531 acque
568 2464 614 2514 mit
664 2463 711 2523 τὸς
727 2467 778 2516 τοῦ
794 2460 948 2530 ἀλγοῦντος
963 2462 1137 2533 ὑπεξαίρεσις
1152 2481 1176 2515 n.
1248 2488 1262 2499 ·

101 2533 274 2599 chlassnng
299 2535 342 2585 des
360 2534 545 2598 Verglichenen
561 2550 615 2597 „ac
664 2534 697 2583 ad
719 2532 785 2584 Man.
816 2533 869 2583 das.
896 2533 958 2586 128:
991 2527 1060 2585 ὅταν
1084 2531 1116 2585 ot
1137 2531 1177 2603 μὴ

101 2603 225 2666 ccepcro“,
247 2603 318 2653 lland
335 2602 354 2666 1,
371 2618 395 2669 p.
416 2605 464 2656 195
483 2600 499 2652 1.
530 2601 613 2654 chn
664 2598 802 2670 ἀλγῶμεν,
822 2595 915 2653 οὐκέτι
932 2601 980 2666 τῆς
998 2598 1098 2667 ἡδονῆς
1114 2599 1178 2653 δεό-

101 2671 152 2721 wir
182 2671 274 2736 geistig
303 2671 330 2720 in
360 2670 501 2722 demsclhcn
531 2669 614 2721 Masso
664 2675 749 2741 μεθα.

101 2739 184 2790 leiden
201 2739 252 2790 wie
269 2739 413 2805 kdrpcrlich
424 2739 542 2801 dadurch,
555 2738 614 2788 dass
699 2754 761 2803 quac
776 2738 872 2788 smum
888 2737 988 2799 movent]
1002 2736 1071 2804 Epic.
1089 2742 1177 2788 noter·

101 2808 152 2858 wir
163 2806 335 2874 kdrpcrlichen
344 2807 460 2857 Schmerz
469 2807 614 2872 emphndan,
664 2807 777 2858 concidet
787 2804 852 2856 zwei
860 2804 939 2858 Artcn
951 2805 995 2856 des
1004 2806 1177 2871 Vergniigens,

101 2891 131 2926 so
151 2876 250 2926 konnen
266 2875 307 2927 dia
325 2874 448 2940 geistigen
465 2875 614 2925 Schmerrcn
665 2876 709 2926 das
733 2874 843 2925 welches
860 2873 886 2924 in
904 2871 1031 2939 frondiger
1046 2873 1178 2940 Errcgung

103 2945 168 2994 dach
184 2945 249 2994 noch
266 2943 344 2994 durch
361 2945 454 2994 andare
470 2943 550 3009 Dioge
568 2958 614 3008 gc·
664 2945 715 2995 und
724 2943 769 2993 das
778 2943 887 2993 welches
898 2942 924 2993 in
938 2942 1094 3007 gliicklichcr
1106 2942 1177 2994 Ruhc

102 3013 210 3078 stoigort
226 3013 336 3064 werden.
664 3029 689 3063 u.
708 3010 945 3076 Sohmerzlosighcit
962 3010 1070 3064 hosteht.
1105 3012 1177 3076 Diog.

136 3084 275 3146 quodsum
287 3081 344 3144 cet]
361 3079 540 3145 Dasselhegilt
555 3093 614 3130 vom
665 3080 695 3131 L.
712 3079 751 3144 X,
776 3082 837 3134 136:
860 3077 889 3132 ‘0
911 3077 943 3133 dl
964 3075 1129 3154 Ἐπίκουρος
1147 3081 1178 3135 ἐν

101 3148 613 3222 Vargntigemdumlrhdrpcrlichcsvcrg.
660 3150 704 3216 aqi
726 3151 791 3218 περὶ
808 3148 942 3234 αἱρέσεων
967 3146 1038 3202 οὕτω
1056 3145 1178 3234 Myous}

100 3217 337 3283 wirdcingleiehes
347 3217 614 3283 hlassvcngeistigcm
662 3218 719 3289 ,μὲν
747 3215 803 3290 γὰρ
833 3218 969 3287 meamea
997 3219 1045 3270 καὶ
1072 3220 1178 3270 annoto

102 3285 398 3352 Verghervorgeml'ont
412 3286 615 3338 dicswirdahcr
665 3291 903 3357 καταστηματικαί
924 3286 997 3340 εἰσιν
1018 3281 1132 3352 ἡδοναὶ,
1160 3280 1177 3350 ἡ

101 3356 167 3405 noch
184 3356 282 3418 erhhht,
299 3371 373 3405 wenn
390 3361 439 3406 etc.
665 3354 697 3407 δὲ
712 3355 789 3425 χαρὰ
808 3357 854 3407 καὶ
871 3349 1032 3426 εὖφροσύνη
1049 3351 1119 3408 κατὰ
1135 3356 1179 3406 κί-

138 3425 179 3476 56.
205 3425 261 3474 Iam
276 3421 613 3488 muqnnolss,p.1tn
664 3437 745 3489 νησιν
763 3421 887 3494 ἐνεργείᾳ
902 3424 1060 3489 βλέπωνται.

101 3491 153 3542 llas
170 3491 278 3556 geistigo
293 3492 444 3557 Vergniigen
461 3490 522 3540 oder
538 3489 613 3541 Miso-
700 3496 742 3546 tr.
766 3496 812 3544 But
828 3503 907 3544 actm
923 3496 997 3546 anem
1014 3497 1041 3543 alr
1057 3493 1133 3556 mlh]
1150 3506 1177 3542 os

101 3559 216 3623 hchagcn
238 3559 311 3624 triigt
336 3559 384 3610 hei.
401 3559 515 3624 gleichcr
530 3556 615 3609 Daner
665 3560 729 3626 liegt
745 3560 772 3610 in
788 3575 894 3612 unser-cr
910 3558 1017 3612 Gcwalt
1046 3577 1083 3629 pr.
1101 3560 1177 3612 hrch.

101 3627 149 3680 mit
165 3628 347 3695 k'c'rperlichem
372 3629 443 3680 mehr
459 3626 500 3678 hei
516 3641 548 3676 zu
565 3633 613 3676 etc.
668 3632 691 3692 1,
718 3631 745 3682 1:
767 3628 826 3680 huic
846 3657 880 3668 -
897 3635 1016 3695 qnantum
1038 3636 1079 3681 cst
1101 3630 1178 3680 situm

134 3698 264 3762 mun]
276 3697 615 3760 amnemamnem
665 3698 692 3748 ia
709 3696 794 3760 nohis,
812 3703 840 3748 et
856 3711 926 3764 opem
943 3703 970 3748 ct
985 3699 1093 3758 snhrtcm
1109 3696 1178 3750 torro

101 3763 148 3816 lts.
165 3764 184 3832 ἦ
200 3767 266 3830 3011,
284 3768 309 3819 4.
343 3763 421 3817 head.
439 3763 476 3829 11,
502 3764 548 3826 18,
572 3766 614 3819 611.
666 3765 789 3816 dehemus.

137 3843 163 3886 at
184 3836 274 3899 mre]
297 3849 333 3886 sc.
351 3838 438 3896 placat.
462 3832 532 3900 opto.
554 3830 614 3904 κύρ.
700 3836 756 3896 aas.
780 3835 886 3890 xm.
921 3833 980 3886 nm
1005 3834 1087 3885 kdnne
1110 3833 1179 3884 nicht

101 3899 161 3962 ott.
179 3904 204 3956 8.
237 3903 310 3970 lliog.
335 3901 364 3954 ln
381 3901 422 3967 Χ,
449 3903 511 3956 tte:
533 3895 615 3970 Ὅρος
666 3899 794 3967 gl‘n'cklich
814 3902 888 3956 laben
914 3904 977 3954 ohne
1002 3901 1130 3954 Weishcit
1152 3918 1178 3954 u.
