2632 4516
153 262 214 327 106
508 259 542 312 n.
559 258 670 311 uuum
687 257 893 311 cressonis·
931 277 933 280 ·

153 425 326 496 perpetuam
349 415 415 494 quis
437 424 534 493 potest
555 424 702 494 praestare
724 411 871 495 sapienti?
909 414 983 474 Nam
1006 412 1114 492 quibus
1137 412 1229 475 rebus

155 503 325 563 efficiuntur
339 502 512 578 voluptates,
527 500 582 560 hae
602 518 664 560 non
686 508 757 561 sunt
777 501 807 561 in
831 506 973 579 potestate
986 498 1142 577 sapientis3
1164 515 1228 558 non

155 587 234 648 enim
255 586 287 646 in
308 586 373 664 ipsa
395 584 535 664 sapientia
557 586 688 664 positum
710 594 755 646 est
775 585 893 646 beatum
913 602 987 656 esse,
1001 583 1052 644 sed
1074 583 1106 643 in
1128 583 1163 643 iis
1177 602 1229 643 re·

154 672 220 744 hus,
237 689 311 750 quas
325 671 466 749 sapientia
490 678 641 748 comparat
662 671 699 730 ad
721 671 909 749 voluptatem.
946 669 1056 729 l'otum
1077 676 1176 729 autem
1197 667 1228 728 id

155 766 311 817 externum
334 763 387 828 est,
408 763 437 815 et
458 755 539 833 quod
561 764 727 828 externum,
745 755 775 816 id
797 755 829 816 in
851 772 920 814 casu
943 762 996 815 est
1025 754 1066 814 lta
1081 753 1113 814 fit
1129 752 1230 814 beatae

96 884 141 946 28
155 843 230 903 vitae
252 841 371 901 domina
393 842 527 912 fortuna,
550 856 640 918 quam
661 840 809 918 Epicurus
831 840 871 901 ait
891 839 1026 918 exiguam
1051 837 1229 899 intervenire
1305 902 1308 908 ,

108 979 142 1029 90
156 927 289 1006 sapienti.
332 925 409 1005 Age,
430 923 563 1002 inquies,
592 925 646 986 ista
670 944 759 1003 parva
781 933 867 996 sunt;
889 924 1050 1003 sapientem
1071 923 1231 1002 locupletat

39 1061 42 1066 .
155 1013 219 1091 ipsa
238 1020 351 1082 natura,
367 1010 452 1070 ouius
469 1009 582 1070 divitias
599 1010 746 1089 Epicurus
768 1008 903 1088 parabilis
925 1027 990 1069 esse
1011 1007 1120 1068 docuit
1150 1007 1231 1068 llaec

155 1097 232 1157 hene
254 1096 401 1166 dicuntur,
423 1111 479 1154 nec
500 1111 555 1173 ego
578 1113 723 1174 repugno,
744 1095 795 1155 sed
816 1095 894 1155 inter
916 1112 981 1154 sese
1002 1093 1065 1172 ipsa
1087 1102 1230 1171 puguant.

155 1183 247 1259 Negat
268 1180 347 1240 euim
369 1179 543 1240 tenuissimo
567 1180 661 1253 victu,
691 1179 721 1240 id
751 1188 795 1240 est
823 1177 1082 1257 contemptissimis
1104 1177 1179 1238 escis
1202 1186 1231 1238 et

156 1264 344 1345 potionibus,
368 1264 516 1324 minorem
536 1264 850 1343 voluptatem'peroipi
873 1280 962 1341 quam
984 1261 1074 1323 rebus
1096 1262 1229 1340 exquisi-

156 1351 275 1412 tissimis
297 1350 334 1409 ad
356 1349 546 1428 epulandum.
583 1350 659 1410 Huic
680 1367 745 1428 ego,
767 1349 792 1410 si
814 1356 934 1427 negaret
955 1348 1114 1426 quicquam
1135 1347 1229 1408 inter·

155 1454 220 1496 esse
242 1435 278 1496 ad
301 1435 384 1494 beate
404 1434 573 1506 uiuendum,
590 1434 667 1513 quali
688 1443 820 1495 uteretur
833 1435 920 1506 victu,
938 1433 1141 1505 concederem,
1163 1433 1230 1492 lau·

157 1522 257 1581 darem
273 1520 376 1589 etiam3
391 1536 496 1579 verum
514 1518 592 1578 enim
609 1519 830 1597 diceretidq'ue
845 1520 1004 1590 Socratem,
1021 1517 1072 1595 qui
1092 1518 1230 1596 volupta-

156 1615 216 1666 tem
232 1605 313 1664 nullo
331 1604 397 1663 loco
415 1610 559 1676 numerat,
576 1604 663 1665 audio
680 1603 835 1676 dicentem,
850 1603 907 1663 cibi
925 1601 1150 1679 condimentum
1165 1600 1230 1662 esse

156 1694 282 1761 famem,
304 1687 434 1767 potionis
456 1688 551 1761 sitim3
572 1689 624 1749 sed
646 1689 697 1767 qui
718 1688 754 1749 ad
775 1689 954 1767 voluptatem
976 1688 1075 1748 omnia
1093 1689 1232 1747 referens

157 1776 228 1835 vivit
249 1782 282 1835 ut
302 1773 462 1845 Gallonius,
483 1773 615 1852 loquitur
636 1782 670 1835 ut
690 1774 781 1853 Frugi
798 1774 846 1834 ille
867 1774 945 1844 Piso,
969 1791 1032 1832 uon
1060 1771 1148 1833 audio
1175 1789 1231 1832 nec

110 1869 141 1918 91
157 1879 226 1920 eum
241 1859 322 1938 quod
340 1858 445 1918 sentiat
467 1858 564 1920 dicere
580 1859 724 1920 existimo.
760 1859 905 1920 Naturalis
927 1857 1040 1919 divitias
1056 1857 1128 1918 dixit
1142 1875 1231 1936 para-

156 1945 222 2006 bilis
245 1963 325 2017 esse,
344 1943 425 2022 quod
448 1961 539 2021 parvo
562 1953 639 2005 esset
659 1952 764 2005 natura
787 1952 932 2004 contenta.
963 1943 1055 2015 Certe,
1071 1942 1128 2003 nisi
1142 1941 1232 2002 volu-

190 2134 218 2181 e'n
234 2147 291 2180 casu
307 2131 348 2192 err]
365 2127 417 2192 vgl.
435 2127 478 2192 ΙΙΙ,
496 2131 521 2192 9,
540 2131 587 2181 32:
604 2144 668 2194 quae
718 2123 824 2193 ἡδονὴν
837 2129 1053 2201 προςφέρουσιν,
1071 2123 1139 2180 ὅταν
1154 2123 1232 2179 ἅπαν

156 2198 257 2249 suntin
277 2198 375 2248 effectu.
719 2193 750 2248 τὸ
769 2193 877 2265 ἀλγοῦν
891 2191 948 2248 κατ’
968 2194 1079 2251 ἔνδειαν
1091 2195 1232 2269 ἐξαιρεθῇ·

191 2283 263 2331 quam
271 2269 395 2327 meum
405 2267 463 2328 cet]
482 2265 532 2329 vgl.
545 2264 563 2327 Ι,
577 2267 615 2328 19,
626 2266 667 2317 63.
718 2266 765 2317 καὶ
775 2260 848 2336 μάζα
861 2268 907 2318 καὶ
918 2260 995 2338 ὕδωρ
1012 2261 1061 2331 triv
1078 2259 1233 2332 ἀκροτάτην

191 2338 247 2396 ναν.
276 2337 407 2386 XXVIII
425 2361 458 2370 -
482 2335 589 2396 XXXI,
623 2333 667 2385 99.
719 2330 896 2388 ἀποδίδωσιν
917 2329 1037 2402 ἡδονὴν,
1054 2332 1172 2388 ἐπειδὰν
1189 2333 1233 2387 ἐν·

158 2403 243 2454 Weun
263 2420 312 2453 nun
330 2405 394 2454 euch
412 2401 555 2466 zugegoben
571 2401 667 2466 wiirde,
720 2403 792 2456 δέων
801 2399 919 2462 recaduti
928 2405 1149 2477 προςενέγκηται.
1161 2401 1233 2452 stet.

157 2473 215 2523 dass
233 2472 273 2523 die
291 2471 373 2523 Natur
394 2473 475 2523 selbot
497 2472 545 2521 den
563 2469 669 2523 Weison
719 2471 807 2523 Floril.
828 2475 867 2536 17,
886 2474 927 2525 23.
946 2475 986 2526 34.

86 2602 88 2607 Ι
157 2541 227 2592 reich
244 2542 339 2603 macho,
361 2542 412 2593 und
430 2542 487 2591 dass
508 2539 548 2589 dio
565 2540 669 2590 hochste
754 2543 874 2593 Socratm
887 2542 944 2603 cet]
961 2540 1083 2607 Porphyr.
1096 2539 1127 2590 ele
1141 2538 1233 2590 obstin

156 2615 265 2672 uoluptas
276 2610 353 2660 dmclr
364 2611 404 2661 die
416 2607 572 2661 einiochsteu
584 2607 671 2658 Mittel
721 2612 745 2674 3,
755 2612 802 2663 26:
820 2606 898 2680 ὁμὲν
910 2607 967 2681 γὰρ
975 2603 1138 2676 (Σωκράτης)
1157 2602 1233 2673 ὄψον

157 2679 247 2729 erzielt
264 2680 365 2729 werden
383 2679 471 2740 lonae,
494 2677 542 2728 wie
560 2691 586 2727 es
604 2677 669 2727 deun
721 2697 735 2729 a
770 2679 824 2749 φῆς
850 2676 882 2730 τὸ
911 2680 1012 2742 πεινῆν
1042 2678 1142 2746 ἔλεγεν.
1180 2676 1233 2741 vgl.

157 2747 204 2797 mit
228 2749 282 2797 dem
306 2747 422 2799 Schmerz
444 2747 528 2806 wilre,
552 2745 590 2795 als
614 2746 669 2794 dem
720 2696 785 2799 idda.
803 2747 875 2798 llum.
893 2746 913 2810 Ι,
933 2750 956 2811 3,
976 2751 999 2800 6.
1017 2749 1043 2810 6,
1062 2749 1086 2798 6.

158 2817 277 2866 hochsten
306 2815 398 2879 Uobel,
428 2817 473 2866 dor
502 2815 540 2864 uls
570 2813 670 2864 solehos
755 2816 890 2878 Gallonius]
907 2831 928 2865 c.
948 2818 972 2878 8,
991 2817 1031 2868 24.

158 2883 199 2933 ein
216 2883 371 2947 gliickliches
382 2883 466 2935 Leben
477 2886 563 2933 storon
580 2883 669 2932 miisse.
754 2888 835 2950 Frupr'
850 2889 889 2935 ale
905 2885 970 2947 Pt'ro]
990 2883 1018 2934 L
1037 2881 1186 2948 Calpurnius
1204 2880 1233 2931 L

157 2952 228 3018 Ilenn
246 2951 285 3001 die
302 2951 402 3016 Mittel,
422 2953 462 3002 die
480 2951 572 3017 Epicur
589 2965 670 3014 pogen
720 2951 748 3003 E.
767 2951 796 3004 L.
814 2952 844 3004 N.
865 2950 923 3003 Piso
946 2950 1038 3017 Frugi,
1065 2953 1113 3004 149
1138 2949 1234 3001 Volks-

158 3018 292 3069 denselben
313 3021 424 3085 anglibe,
448 3020 536 3070 w‘airen
559 3019 669 3082 nichtig;
719 3021 818 3085 tribuo,
845 3018 945 3086 Gegnor
973 3022 1017 3071 dos
1043 3019 1070 3070 C.
1094 3017 1234 3082 Gracchus,

158 3086 281 3138 vielmehr
292 3088 357 3150 giibe
369 3105 416 3138 nur
428 3088 483 3139 eine
496 3085 669 3152 tugondlrulte,
723 3092 772 3143 133
787 3089 888 3154 Consul,
902 3091 951 3142 120
963 3089 1071 3151 Consor3
1088 3085 1166 3138 ultera
1183 3102 1233 3136 von

158 3156 214 3207 edle
248 3154 392 3220 Gesinnung
427 3157 467 3206 die
498 3154 587 3218 lircil,
622 3157 669 3205 den
721 3157 809 3209 Cicero
823 3159 947 3223 ger'u'hmt,
962 3155 1235 3222 vongrosserSitten-

158 3225 276 3274 Schmorz
293 3240 323 3274 zu
341 3231 474 3289 ertrugen,
494 3224 544 3274 wie
561 3224 606 3273 das
624 3239 669 3273 aus
720 3233 835 3290 strenge,
866 3223 1001 3277 Veriusscr
1032 3240 1083 3274 von
1110 3224 1235 3275 Annulou.

158 3295 212 3344 dem
231 3291 313 3344 Brielo
330 3294 373 3344 des
390 3292 483 3360 Epicur
499 3307 531 3342 un
545 3293 592 3342 den
605 3290 670 3343 llor-
720 3295 772 3359 vgl
795 3293 869 3344 lino
892 3293 934 3357 ΠΙ,
955 3297 979 3359 8,
1000 3297 1031 3347 1¹1
1053 3291 1070 3343 i.
1104 3308 1140 3359 pr.
1158 3291 1234 3343 Font.

157 3363 272 3412 morohus
289 3363 340 3412 und
352 3363 446 3413 andern
458 3360 597 3427 Beispielen
610 3362 669 3411 her·
724 3366 763 3426 13,
777 3366 818 3416 29.
836 3367 917 3429 Γηρᾶ
925 3363 1027 3429 eigentl.
1039 3362 1097 3412 Eut
1106 3361 1237 3426 wiosrupo’

157 3431 287 3496 vorginge·
423 3444 425 3449 ’
637 3472 640 3476 .
714 3433 834 3496 suendae
862 3442 946 3495 apuu,
982 3432 1048 3482 donn
1080 3431 1235 3494 iibertrugen

193 3502 233 3552 90.
262 3503 385 3563 Epicurus
408 3527 441 3536 -
464 3498 552 3560 ἀυννίν]
581 3496 632 3561 vgl
650 3496 669 3561 Ι,
721 3500 847 3566 ‚‚tiichtig,
864 3501 993 3551 wacker“.
1011 3499 1069 3550 llor.
1082 3514 1134 3567 epp.
1152 3496 1173 3561 Ι,
1194 3500 1235 3560 16,

160 3569 200 3631 13,
218 3570 259 3620 46.
722 3572 768 3622 49:
792 3585 845 3620 sum
863 3570 941 3620 bonus
958 3575 985 3619 et
1003 3567 1083 3633 frugi3
1106 3567 1172 3617 auch
1189 3565 1236 3616 mit

192 3639 330 3686 concussius
344 3641 407 3687 metu
424 3635 480 3698 oet]
497 3633 519 3684 E
537 3634 566 3684 ‘o
581 3648 619 3700 ep.
637 3634 670 3683 od
721 3637 801 3690 einero
819 3637 876 3703 Adj.
894 3639 927 3688 od
944 3637 997 3688 Ata
1010 3636 1054 3700 lV,
1069 3638 1093 3699 8,
1112 3638 1142 3689 8:
1160 3635 1236 3684 lromo

158 3703 223 3755 lien.
248 3703 319 3768 lliog.
335 3703 362 3753 L
373 3704 409 3768 Χ,
426 3706 487 3758 130:
505 3650 549 3755 dd
565 3699 601 3755 τὸ
615 3700 670 3772 μὲν
721 3733 755 3744 -
772 3707 836 3757 sutis
850 3706 916 3758 euim
928 3712 1015 3757 tenuis
1028 3712 1054 3756 ot
1064 3703 1235 3772 permodestus

158 3771 281 3893 Ϊυσικὸν
293 3774 353 3825 πᾶν
368 3767 535 3842 εὐπόριστόν
552 3771 620 3835 ἔστι,
637 3768 670 3823 τὸ
721 3790 752 3825 ac
769 3775 849 3826 lionae
866 3774 941 3840 frugi.
1001 3795 1005 3802 ·

178 3839 286 3895 ὲκενὸν
303 3835 501 3908 δυςπόρισιον·
519 3840 670 3894 οἵτελιιοὶ
755 3860 804 3894 non
821 3845 903 3906 audio]
934 3843 985 3908 vgl.
1003 3858 1024 3893 u.
1043 3844 1084 3907 32,
1106 3844 1167 3895 105:
1187 3855 1234 3890 ²¹1·

154 3912 240 3978 χυλοὶ
263 3914 326 3977 ἴσην
344 3911 491 3963 πολυτελεῖ
506 3910 597 3980 διαίτῃ
621 3906 670 3975 τὴν
721 3911 807 3963 dirum
