2634 4478
66 229 70 245 ¹
141 283 183 349 98
452 296 455 301 ·
505 278 539 336 ot
557 277 667 331 runnu
686 276 858 330 crcnnorus

144 445 281 515 certaque
303 435 411 496 iustitia
433 434 649 495 simulationem
665 434 751 494 nohis
767 434 892 513 iustitiae
906 432 1019 494 traditis
1036 433 1222 512 praecipitis-

144 540 202 601 que
233 520 363 599 qucdam
396 519 486 579 modo
517 527 550 580 ut
580 528 713 580 nostram
743 518 876 579 stabilem
905 518 1116 580 conscientiam
1146 537 1221 580 con-

143 616 320 677 temnamus,
346 604 472 665 aliorum
493 613 641 666 errantem
664 604 836 683 opinionem
858 621 1052 681 aucupemur.

97 703 131 754 tt
230 692 312 764 Quae
334 689 391 750 dici
413 688 515 750 eadem
538 689 574 751 de
599 690 703 751 ceteris
732 688 889 750 virtutihus
919 697 1061 768 possunt,
1092 705 1221 767 quarum

144 775 282 836 omnium
298 773 491 835 fundamenta
506 792 559 835 vos
575 775 607 834 in
623 775 771 852 voluptate
790 782 931 852 tanquam
952 773 984 833 in
1006 790 1082 852 aqua
1101 774 1222 852 ponitis.

145 860 223 934 Quid
246 856 349 920 emm?
371 862 517 920 fortemne
539 877 700 937 possumus
725 859 822 919 dicere
837 857 966 918 eundem
982 858 1066 919 iilum
1082 859 1222 937 Torqua-

135 941 242 1021 ‚tunt
256 979 298 988 -
321 944 449 1005 delector
471 943 566 1017 enim,
597 962 768 1024 quanquam
794 951 823 1004 te
852 961 916 1003 non
943 960 1084 1022 possum,
1111 951 1144 1004 ut
1171 944 1221 1016 ais,

130 1024 348 1108 corrumpere,
367 1029 505 1102 delector,
526 1029 658 1108 inquam,
679 1037 707 1090 et
724 1028 832 1089 familia
855 1036 950 1089 vestra
971 1036 1001 1089 et
1021 1028 1154 1089 nomine.
1168 1084 1172 1090 .
1186 1029 1224 1090 Et

147 1115 265 1175 hercule
281 1113 361 1183 ¹mihi
382 1114 428 1174 vir
450 1114 580 1193 optimus
602 1114 755 1192 nostrique
777 1113 1005 1185 amantissimus,
1027 1113 1061 1174 Α.
1084 1113 1222 1192 Torqua·

145 1207 203 1272 tus,
226 1207 360 1260 versatur
388 1207 456 1260 ante
485 1200 604 1273 oculos,
634 1200 718 1260 cuius
749 1207 894 1276 quantum
924 1197 1056 1260 studium
1082 1206 1111 1259 et
1133 1217 1223 1278 quam

146 1284 260 1362 insigne
280 1283 370 1344 suerit
387 1303 456 1364 erga
478 1302 526 1345 me
547 1284 731 1363 temporibus
752 1283 818 1356 illis,
840 1301 914 1361 quae
936 1291 1007 1344 nota
1028 1291 1100 1344 sunt
1121 1285 1222 1344 omni·

146 1368 212 1442 bus,
235 1369 310 1429 scire
332 1386 452 1430 necesse
475 1377 519 1430 est
540 1377 701 1447 utrumque
723 1377 870 1440 vestrum3
893 1385 968 1447 quae
990 1368 1062 1429 mihi
1082 1367 1148 1447 ipsi,
1172 1369 1224 1447 qui

147 1454 214 1515 volo
238 1461 266 1514 et
287 1472 351 1514 esse
374 1463 403 1515 et
421 1453 521 1514 haberi
539 1463 646 1533 gratus,
666 1462 745 1533 grata
767 1472 829 1514 non
853 1461 958 1526 essent,
980 1453 1038 1514 nisi
1060 1471 1130 1514 eum
1152 1472 1222 1532 per-

149 1539 293 1617 spicerem
315 1555 380 1598 mea
402 1556 489 1600 causa
510 1539 583 1599 mihi
605 1539 732 1600 amicum
755 1539 863 1611 fuisse,
893 1555 955 1598 non
978 1557 1055 1609 sua,
1085 1538 1143 1598 nisi
1166 1538 1222 1598 hoo

148 1621 221 1682 dicis
244 1641 305 1695 sua,
328 1622 409 1701 quod
430 1623 552 1684 interest
574 1623 709 1685 omnium
730 1632 809 1685 recte
832 1626 936 1684 facere.
966 1623 997 1684 Si
1018 1623 1047 1683 id
1071 1623 1153 1696 dicis,
1176 1624 1221 1684 vi-

145 1707 260 1779 cimus3
289 1707 318 1768 id
343 1708 422 1768 enim
443 1710 599 1781 volumus,
628 1708 659 1769 id
683 1709 906 1780 contendimus,
936 1716 968 1768 ut
996 1708 1085 1768 officii
1108 1711 1222 1769 fructus

102 1791 137 1844 ‘13
151 1792 188 1852 sit
207 1791 307 1871 ipsum
331 1792 471 1858 officium.
515 1793 580 1854 Hoc
607 1794 655 1854 ille
682 1802 752 1854 tuus
774 1812 836 1854 non
866 1794 928 1854 vult
957 1792 1158 1872 omnibusque
1187 1812 1222 1853 ex

150 1876 241 1937 rebus
256 1877 436 1956 voluptatem
452 1879 536 1957 quasi
552 1879 719 1940 mercedem
736 1879 831 1958 exigit.
846 1913 887 1921 -
902 1877 960 1940 Sed
974 1878 1011 1939 ad
1024 1877 1107 1939 iilum
1123 1879 1221 1939 redeo.

151 1962 359 2041 Si·voluptatis
382 1982 469 2024 causa
491 1981 560 2024 cum
581 1965 662 2024 Gallo
683 1964 761 2044 apud
784 1963 929 2024 Anienem
951 1963 1129 2042 depugnavit
1150 1981 1221 2042 pro-

150 2054 272 2108 vocatus
294 2056 322 2108 et
343 2049 458 2109 cneius
480 2048 580 2127 spoliis
602 2048 659 2109 sibi
681 2057 709 2110 et
730 2057 869 2127 torquem
890 2056 918 2109 et
927 2066 1108 2127 cognomen
1128 2047 1223 2109 induit

151 2130 240 2193 ullam
263 2131 348 2192 aliam
372 2132 410 2192 ch
434 2151 569 2206 causam,
598 2134 655 2194 nisi
684 2134 765 2213 quod
795 2134 823 2195 ei
851 2132 917 2194 talia
945 2135 1019 2194 iacta
1048 2133 1138 2212 digna
1159 2133 1221 2194 viro

152 2215 341 2289 videbantur,
364 2218 471 2278 fortem
494 2236 556 2277 non
578 2227 661 2296 puto.
704 2219 766 2279 lam
788 2219 813 2279 si
834 2218 949 2298 pudor,
971 2218 997 2278 si
1019 2216 1177 2291 modestia,
1200 2219 1222 2278 si

152 2299 298 2378 pudicitia,
321 2301 345 2360 si
368 2319 429 2361 uno
452 2301 543 2362 verbo
565 2305 757 2382 temperantia
778 2321 891 2382 poenae
913 2311 963 2364 aut
984 2302 1121 2364 infamiae
1143 2310 1222 2363 metu

152 2384 376 2459 coercebuntur,
393 2404 455 2447 non
472 2388 621 2450 sanctitate
637 2408 690 2449 sua
710 2408 742 2450 se
755 2388 926 2461 tuebuntur,
944 2388 1025 2467 quod
1039 2388 1223 2460 adulterium,

153 2469 233 2547 quod
256 2478 408 2549 stuprum,
431 2488 506 2550 quae
527 2472 617 2535 libido
640 2492 703 2534 non
732 2480 763 2534 s'e
791 2474 934 2553 proripiet
961 2491 996 2534 ac
1024 2473 1148 2552 proiciet
1176 2480 1223 2533 aut

103 2565 137 2614 ‘14
153 2555 344 2616 occultatione
360 2558 512 2636 proposita
531 2567 581 2619 ant
601 2558 774 2637 impunitate
793 2567 843 2620 ant
864 2555 1001 2619 licentia?
1021 2555 1124 2632 Quid?
1144 2557 1222 2629 illud,

152 2640 310 2718 Torquate,
332 2642 417 2719 quale
438 2643 558 2703 tandem
573 2643 698 2717 videtur,
713 2650 742 2704 te
757 2644 813 2705 isto
836 2643 967 2716 nomine,
981 2642 1222 2722 ingeniofgloria,
1246 2641 1249 2650 '

154 2743 228 2802 quae
246 2726 325 2799 facis,
349 2744 424 2804 quae
446 2728 562 2807 cogitas,
580 2746 654 2806 quae
676 2729 830 2790 contendis
851 2748 910 2808 quo
933 2730 1053 2801 referas,
1075 2729 1160 2789 cuius
1183 2727 1224 2788 rei

154 2827 240 2870 causa
262 2811 403 2898 perficere
420 2830 501 2892 ‚quae
523 2814 640 2877 conaris
662 2814 749 2886 veiis,
773 2814 843 2893 quid
866 2815 1012 2893 optimum
1038 2813 1166 2892 denique
1194 2813 1223 2873 in

151 3026 178 3075 in
196 3028 243 3077 den
261 3027 328 3078 Text
341 3030 468 3095 eindrang.
486 3031 539 3096 vgl.
550 3030 568 3095 1,
582 3035 607 3095 6,
624 3036 662 3086 19.
716 3035 747 3084 ad
767 3034 822 3084 Act.
840 3034 872 3097 V,
894 3037 916 3097 1,
935 3037 958 3086 ὅ.
978 3037 1003 3097 4,
1021 3036 1045 3087 2.
1063 3035 1105 3097 21,
1126 3035 1166 3087 10.
1183 3031 1224 3094 VI,

152 3093 423 3161 mmmmm
643 3096 959 3171 ,hssffissffi

188 3166 228 3217 ⁵12.
248 3169 347 3216 medem
364 3166 433 3217 illum
451 3169 530 3232 rorqq
548 3167 566 3232 1,
586 3173 610 3231 7,
625 3171 665 3222 23.
749 3181 842 3237 gratus,
853 3173 932 3237 grata]
949 3169 1091 3238 Wortspiel
1107 3169 1153 3220 mit
1167 3184 1224 3221 ver-

151 3231 203 3282 Dor
221 3231 341 3285 Gedenke
358 3234 422 3284 wird
441 3241 494 3285 erst
517 3236 550 3290 im
568 3235 666 3302 folgen-
715 3239 862 3290 schiodencr
880 3240 1031 3304 Bedeutung.
1065 3238 1224 3291 anmcn-

152 3300 1020 3372 dfflmwwmmmfflmfflffl

152 3370 243 3420 weiter
261 3369 381 3436 veriolgt.
732 3379 792 3441 ,73.
815 3381 889 3441 quari
903 3380 1030 3428 mercedem
1045 3377 1125 3442 cqc]
1158 3374 1225 3427 Lacl.

187 3449 215 3490 ot
230 3441 275 3502 aie]
294 3438 312 3503 I,
335 3443 373 3504 10,
393 3442 433 3495 34.
717 3439 819 3509 21‚'80:
838 3444 892 3512 Ipso
905 3445 970 3496 onim
982 3460 1009 3496 sc
1022 3444 1123 3510 quisquo
1135 3442 1225 3508 diligit,

187 3509 270 3558 Actor
296 3512 407 3560 Manlau
436 3512 580 3574 Torquatus}
612 3527 667 3561 wer
718 3529 767 3562 non
784 3520 813 3565 nt
830 3514 938 3580 aliquem
955 3513 1076 3580 ascipso
1090 3513 1226 3564 mercedem

152 3575 1080 3647 mMmmfflprmfflmmmmm

152 3643 186 3693 im
204 3643 225 3694 J.
241 3647 281 3696 52.
304 3645 354 3697 Cic.
373 3649 418 3698 hat
435 3648 469 3698 im
485 3648 507 3698 J.
521 3651 553 3700 45
573 3663 604 3697 an
623 3649 666 3699 ihn
747 3655 831 3714 pudor
848 3680 881 3689 -
898 3652 1070 3714 coetaneo]
1095 3651 1142 3701 dor
1160 3649 1226 3701 Plnr.

152 3711 1226 3784 mmmmstfflwmmfflfflmwm

152 3781 1227 3852 mmmmhmwmmmvmmNJmmmmmm

152 3852 196 3900 des
223 3849 355 3918 Pompcjus
379 3853 404 3901 in
430 3855 475 3904 der
498 3855 667 3920 Verbannung
718 3857 980 3920 „zusammenhalten“
1002 3857 1070 3910 hier:
1095 3853 1228 3921 „andecht

150 3917 226 3968 lebte.
248 3918 284 3969 Er
302 3920 366 3970 wird
384 3923 448 3972 noch
466 3920 532 3974 diter
550 3926 666 3975 erw'aihnt
718 3927 880 3995 erhelten‘tl
