2634 4478
183 255 227 306 nn
243 254 370 308 smnus
387 253 547 307 cononuu
563 254 606 306 nr
623 254 788 308 monum
804 254 836 320 n,
858 259 879 319 1,
898 259 922 308 2.
942 259 965 310 a.
979 260 1003 321 a,
1022 261 1046 310 4.
1115 256 1159 322 59

79 409 135 471 sed
156 409 215 489 ipsi
232 409 373 484 dicerent,
395 411 465 489 quid
488 411 643 483 sentiren13
667 410 748 489 quod
767 429 836 471 cum
854 412 1005 482 dixissent,
1019 413 1067 474 ifle
1081 432 1157 474 con-

79 506 144 568 tra3
166 495 218 556 sed
240 513 310 556 eum
333 496 383 574 qui
406 496 572 568 audiebant,
595 496 692 575 quoad
709 505 854 575 poterant,
873 497 1070 558 defendebant
1085 517 1156 559 sen-

79 579 204 641 tentiam
224 597 319 640 suam.
361 574 449 659 Ap'ud
472 589 585 642 ceteros
608 589 707 641 autem
724 581 917 660 philosophos
941 582 992 660 qui
1014 584 1158 661 quaesivit

79 665 191 744 aliquid
212 672 303 737 tacet3
326 666 406 743 quod
427 666 547 744 quidem
576 665 635 726 iam
664 666 696 726 fit
723 666 809 726 etiam
838 667 870 727 in
892 666 1055 728 Academia.
1100 669 1158 730 Ubi

79 750 161 811 enim
177 750 213 822 ie,
234 750 287 828 qui
309 750 410 812 audire
425 751 495 822 vult,
517 751 556 811 ita
577 750 663 811 dixit:
697 751 838 830 Voluptas
868 751 940 811 mihi
958 752 1074 812 videtur
1092 772 1156 814 esse

80 853 235 896 summum
256 833 385 908 bonum3
409 844 550 915 perpetua
565 836 696 896 oratione
711 844 814 896 contra
831 836 1005 915 disputatur,
1025 846 1057 898 ut
1073 839 1156 898 facile

78 920 207 999 intellegi
228 921 321 999 possit
343 938 403 992 eos,
426 921 478 998 qui
493 921 601 1000 aliquid
623 920 678 981 sibi
699 921 793 981 videri
814 921 919 994 dicant,
938 940 1000 981 non
1020 922 1102 1000 ipsos
1123 924 1155 983 in

79 1023 114 1065 ea
128 1005 272 1066 sententia
288 1023 361 1076 esse,
383 1005 435 1066 sed
461 1006 563 1066 audire
585 1006 657 1066 velle
680 1006 835 1066 contraria.
878 1007 939 1067 Nos
969 1008 1186 1069 commodiane

78 1090 204 1169 agimus.
246 1090 314 1150 Non
337 1090 416 1150 enim
439 1091 536 1151 solum
558 1091 726 1169 Torquatus
749 1090 828 1163 dixit,
853 1090 923 1169 quid
947 1092 1076 1165 sentiret,
1103 1094 1155 1154 sed

79 1175 168 1236 etiam
190 1193 260 1247 cur-3
283 1192 337 1253 ego
359 1183 458 1236 autem
477 1174 612 1246 arbitror,
634 1192 805 1253 quanquam
819 1175 981 1236 admodum
998 1177 1155 1239 delectatus

79 1277 147 1320 sum
170 1260 235 1320 eius
256 1259 390 1320 oratione
409 1269 560 1338 perpetua,
581 1269 681 1320 tamen
704 1260 900 1332 commodius,
924 1279 993 1320 cum
1014 1262 1046 1321 in
1065 1263 1154 1323 rebus

79 1344 203 1424 singulis
217 1344 337 1406 insistas
360 1354 389 1405 et
409 1345 568 1424 intellegas,
590 1345 661 1423 quid
685 1344 812 1423 quisque
834 1346 982 1417 concedat,
1005 1347 1077 1423 quid
1099 1347 1153 1407 ab·

77 1438 160 1503 nunt,
176 1447 213 1489 ex
233 1428 322 1491 rebus
345 1430 493 1490 concessis
514 1430 650 1490 concludi
665 1430 746 1508 quod
762 1430 832 1491 velis
849 1439 878 1490 et
899 1430 1060 1490 aderitum
1083 1450 1153 1510 per-

78 1513 183 1575 veniri.
226 1515 302 1576 Cum
324 1515 404 1574 enim
421 1518 516 1575 fertur
537 1515 621 1592 quasi
642 1524 760 1575 torrens
784 1515 884 1587 orado,
906 1515 1041 1593 quamvis
1063 1518 1154 1578 multa

79 1599 225 1677 cuiusque
254 1599 335 1659 modi
364 1600 465 1678 rapiat,
491 1600 563 1660 nihil
585 1609 683 1660 tamen
705 1608 814 1673 teneas
842 1600 915 1660 nihil
940 1601 1154 1679 apprehendas,

77 1701 229 1763 nusquam
244 1684 407 1744 orationem
426 1684 558 1762 rapidam
581 1691 725 1745 coerceas.
772 1685 876 1746 Omnis
893 1694 990 1746 autem
1011 1686 1043 1745 in
1062 1705 1153 1765 quae-

79 1769 185 1841 rendo,
208 1788 283 1848 quae
301 1769 346 1830 via
362 1769 489 1848 quadam
505 1778 534 1830 et
554 1770 666 1831 ratione
682 1769 816 1842 habetur,
838 1770 931 1830 oratio
953 1771 1154 1847 praescribere

77 1853 210 1932 primum
232 1854 327 1926 debet,
346 1862 379 1914 ut
401 1854 577 1933 quibusdam
598 1854 630 1914 in
653 1854 789 1913 formulis
819 1872 856 1912 sa
879 1872 933 1912 nus
963 1873 1088 1925 acaron,
1110 1865 1152 1929 ut,

76 1939 157 2000 inter
175 1955 251 2016 quos
273 1939 436 2010 disseritur,
459 1938 615 1999 conveniat
637 1938 707 2017 quid
726 1938 763 1998 sit
781 1939 822 2011 id,
842 1938 878 1998 de
901 1956 961 2016 quo
984 1939 1151 2001 disseratur.

77 2023 145 2084 lloc
161 2023 293 2102 positum
308 2025 340 2084 in
356 2023 490 2085 Phaedro
513 2045 530 2085 a
551 2024 672 2085 Platone
688 2024 823 2103 probavit
837 2024 983 2102 Epicurus
1003 2025 1152 2104 sensitque

1165 1994 1188 2055 2

1165 2072 1183 2121 4

75 2190 244 2259 putaminibus
256 2191 359 2243 barbam
373 2192 459 2243 sibiet
473 2193 590 2258 capillum
674 2195 701 2241 in
710 2193 852 2256 quaerendo]
857 2194 949 2256 geldrt
956 2209 987 2242 zu
992 2197 1156 2254 praecoridm

76 2260 229 2323 collatronem.v
270 2259 370 2312 Ebonso
403 2261 430 2311 in
459 2262 513 2312 dem
543 2262 589 2311 ab·
640 2262 717 2320 deden
735 2265 810 2312 oratio
827 2261 862 2310 ist
878 2277 906 2310 so
925 2276 957 2311 an
972 2263 1015 2312 das
1027 2261 1096 2313 Eudo
1110 2264 1153 2313 des

75 2328 203 2395 ltingigou
225 2327 456 2393 conjunctivischen
473 2329 590 2380 nolanv-
640 2327 958 2393 Relativsatzes'gestellt,
982 2331 1039 2380 dass
1064 2346 1091 2381 es
1108 2331 1154 2381 ruit

75 2403 161 2461 saue,
190 2396 240 2448 wie
265 2397 291 2447 in
315 2397 395 2448 einen
417 2398 518 2449 solchen
541 2399 589 2449 Bo·
640 2397 781 2448 demselben
805 2398 867 2447 eben
890 2414 918 2447 so
943 2413 992 2462 eng
1008 2399 1153 2450 verbunden

76 2466 284 2530 dingungsutzm
301 2465 359 2516 Ter.
370 2465 448 2516 Andr.
462 2466 504 2530 IV,
521 2469 545 2530 2,
559 2471 590 2520 4:
640 2465 705 2514 wird
730 2468 797 2529 (quae
818 2471 859 2516 on
881 2469 979 2517 demur
996 2469 1080 2529 watto)
1103 2468 1153 2518 wie

77 2549 155 2585 orare
171 2534 255 2597 iussit,
273 2533 296 2584 si
313 2549 340 2585 se
358 2550 433 2598 emes,
452 2537 521 2597 hera,
540 2535 590 2586 iam
640 2533 687 2583 mit
703 2534 758 2585 dem
775 2532 940 2599 Hauptsntze;
967 2534 1008 2584 bei
1025 2535 1153 2587 verschie-

75 2608 107 2652 nt
123 2602 156 2653 ad
173 2617 229 2654 cese
246 2602 342 2652 venius.
377 2602 429 2666 vgl.
448 2602 498 2654 RH.
517 2603 588 2655 anm.
641 2603 719 2652 denen
742 2602 821 2651 Casus
848 2601 908 2651 tritt
936 2602 981 2652 das
1004 2602 1154 2669 Hauptwort

77 2672 137 2724 386.
172 2668 218 2721 ltr.
236 2669 254 2736 ὅ
271 2673 322 2724 413
340 2670 371 2720 Α.
390 2674 414 2723 2.
640 2685 704 2733 ganz
728 2669 754 2718 in
777 2671 825 2720 deu
842 2669 1014 2732 Relativsatz‚
1039 2672 1069 2721 de
1087 2673 1153 2736 legg.

111 2740 136 2792 3.
156 2741 310 2802 commodius]
328 2739 471 2805 pussender,
489 2741 590 2791 zweek·
641 2737 689 2800 ΙΙΙ,
709 2741 738 2802 5,
766 2740 809 2789 12:
832 2739 900 2789 llaec
917 2744 957 2788 est
974 2738 1052 2803 enim,
1081 2756 1154 2805 quant

74 2807 214 2929 ἲξωὶῖἕν,
232 2808 352 2925 bessqir.
388 2809 419 2858 de
437 2808 477 2858 off.
495 2807 527 2888 ΙΙ,
548 2812 590 2872 24,
641 2806 847 2923 ΞοΙῃΙῖΗΙεηᾱαῐ
880 2834 914 2843 -
948 2808 1154 2872 temperationem

116 2892 125 2925 ε
240 2891 349 2927 cereno
371 2903 405 2913 -—
444 2892 533 2927 eouma
556 2904 590 2912 -
641 2890 678 2924 rer
695 2891 711 2924 u
749 2889 800 2925 eae.

75 2891 240 2995 emotis?
256 2959 272 2994 e
301 2893 447 3009 quibusdarlri
470 2973 503 2981 —
527 2944 590 2994 viris
676 2891 754 2993 genet
771 2943 802 3004 r.]
820 2942 873 3006 vgl.
891 2940 911 3005 Ι,
930 2945 954 3005 9,
974 2946 1014 2995 29.

75 3013 110 3063 ed
125 3010 213 3063 Ianum
230 3012 499 3075 mediumsedentihus,
518 3029 590 3079 quam
676 3029 704 3061 ea
721 3029 760 3061 res
775 3013 867 3076 apetml
882 3009 1030 3074 juristische
1047 3011 1153 3064 Formel
1208 3060 1211 3066 .

75 3080 108 3131 ab
132 3080 192 3133 ullis
215 3081 368 3147 philosophis
386 3109 419 3117 -
437 3082 589 3148 disputatur.
641 3080 711 3133 Brut.
731 3084 772 3142 79,
791 3083 854 3132 275:
873 3095 921 3145 quc
938 3081 969 3130 de
986 3095 1014 3130 ro
1026 3081 1154 3145 egitur-

75 3149 107 3199 do
123 3147 174 3213 leg.
191 3165 246 3214 ngr.
264 3147 313 3212 Ill,
335 3153 362 3211 1,
384 3153 410 3202 1:
435 3150 590 3201 Commodius
641 3149 706 3214 quod
728 3147 814 3198 multis
836 3147 899 3197 locis
923 3147 948 3197 in
972 3147 1035 3199 iuris
1052 3152 1154 3201 eonsul-

75 3216 197 3269 l'ocissont
219 3217 315 3269 tribuni
338 3218 387 3284 pl.,
417 3217 543 3283 Quirites,
567 3219 590 3269 si
640 3224 724 3267 torum
741 3217 878 3267 includitur
895 3215 1015 3268 formulis.

75 3299 141 3351 qnae
157 3286 223 3352 apud
240 3301 286 3336 vos
303 3287 334 3337 do
353 3300 391 3336 mo
409 3285 538 3350 deserunt,
559 3303 590 3338 ea
675 3296 702 3336 ut
727 3289 789 3336 inter
812 3303 871 3350 qum
894 3289 951 3339 deas.
970 3287 1046 3347 cono]
1064 3286 1114 3351 vgl.
1133 3285 1152 3349 Ι,

75 3368 161 3404 corona
170 3354 254 3420 potius
264 3369 304 3405 nro
315 3361 446 3421 praesente
457 3355 588 3406 dixissent.
644 3356 683 3415 16,
703 3357 744 3417 50,
763 3355 793 3404 de
812 3369 847 3403 or.
867 3351 903 3416 ΙΙ,
923 3356 969 3416 60,
995 3357 1059 3406 245:
1090 3369 1152 3421 quae

109 3423 163 3486 eur]
179 3421 232 3487 vgl.
245 3424 275 3473 do
287 3421 333 3474 fat.
346 3427 388 3488 20,
401 3427 448 3478 46:
465 3424 590 3488 Declinat,
642 3423 731 3473 eadere
749 3429 853 3487 possunt
870 3421 897 3469 in
915 3437 976 3486 quos
993 3422 1065 3472 nolis.

75 3490 166 3557 inquit,
185 3497 291 3543 atomus.
326 3490 434 3543 Primum
452 3495 515 3542 curt
675 3494 699 3543 4.
713 3491 977 3556 inPdaedrolc.13.p.
993 3490 1154 3561 237Ιεπερὶ

109 3563 144 3610 ad
161 3561 259 3623 ndum]
286 3577 318 3611 zu
341 3561 421 3613 ciuem
445 3560 589 3625 llrgebniss‚
640 3559 848 3630 παντὸς-μία
865 3553 936 3624 ἀρχὴ
954 3561 1010 3616 τοῖς
1045 3559 1154 3612 ditonus

73 3625 200 3679 llesultet.
236 3645 272 3679 or.
291 3632 337 3693 ³2,
365 3634 427 3684 116:
458 3645 503 3681 nec
520 3635 590 3680 reete
641 3628 729 3685 καλῶς
742 3622 952 3710 βουλεύεσθαι·
982 3629 1007 3680 gl
1025 3630 1087 3681 έναι
1110 3626 1155 3680 δεῖ

74 3696 166 3747 disseri
183 3711 229 3748 nec
245 3713 352 3763 unquam
370 3698 514 3749 aderitum
532 3713 589 3764 per-
640 3697 705 3765 περὶ
723 3714 756 3748 ου
776 3689 811 3749 ἂν
827 3689 845 3778 ᾖ
862 3690 878 3760 ἡ
898 3692 984 3760 βουλὴ
1009 3692 1026 3763 ἢ
1048 3695 1154 3754 παντὸς

74 3764 159 3817 veniri
174 3772 267 3832 potest.
288 3763 383 3816 delet.
405 3768 444 3827 19,
462 3769 509 3818 44:
527 3782 590 3832 quo·
640 3761 810 3834 ἁμαρτάνειν
829 3761 944 3830 ανάγκη.

74 3832 143 3884 niam
160 3834 260 3900 utrique
274 3861 308 3870 —
322 3832 355 3881 ud
372 3832 476 3882 eundern
494 3834 590 3885 exitum
669 3836 782 3895 prodant
797 3837 846 3895 Bp.
864 3860 900 3870 -
919 3844 990 3900 nogat
1007 3834 1065 3896 cet]
1083 3831 1108 3897 l,
1126 3836 1152 3896 9,

10 3904 15 3919 '
75 3901 189 3954 veniunt.
641 3904 673 3952 29
691 3917 717 3951 u.
736 3904 812 3952 *1:22
