2634 4478
167 251 211 318 50
537 248 570 299 u.
588 247 697 300 romu
714 247 886 301 ercunorus

170 414 263 467 tutem
285 413 383 466 autem
405 404 505 464 nixam
528 404 585 462 boc
607 403 732 464 honesto
750 403 859 463 nullam
887 403 1038 481 requirere
1067 402 1256 480 voluptatem

114 489 157 551 19
173 500 261 569 atque
283 490 319 551 ad
341 490 424 550 beate
439 488 600 549 vivendum
623 507 655 548 se
675 488 738 567 ipsa
753 506 819 548 esse
832 495 1009 549 contentam.
1044 486 1104 548 Sed
1125 496 1257 566 possunt
1285 519 1289 528 =

125 582 159 634 62
173 577 246 637 baec
262 575 388 654 quadam
405 574 520 634 ratione
543 573 600 635 dici
622 591 684 633 non
701 572 793 635 modo
807 590 871 633 non
884 571 1132 652 repugnantibus,
1147 590 1257 633 verum

173 662 260 723 etiam
281 658 513 739 approbantibus
535 657 630 718 nobis
661 658 709 719 Sic
730 657 810 718 enim
833 657 870 718 ab
886 657 1014 737 Epicuro
1036 656 1160 734 sapiens
1173 675 1255 718 sem-

171 765 226 825 per
248 745 351 806 beatus
373 743 540 804 inducitur:
562 742 659 804 finitas
688 742 777 803 babet
797 742 979 821 cupiditates,
1008 741 1138 820 neglegit
1168 760 1253 802 mor-

171 840 241 904 tem,
264 831 300 890 de
322 830 368 890 dis
389 827 606 890 immortalibus
628 828 692 888 sine
713 828 774 888 ullo
797 835 878 888 metu
900 845 970 888 vera
992 826 1089 899 sentit,
1105 843 1173 886 non
1194 826 1255 888 du·

171 915 252 988 bitat,
274 915 299 976 si
320 915 359 974 ita
381 915 487 974 melius
509 913 554 986 sit,
576 913 703 991 migrare
725 913 762 973 de
783 912 851 972 rita.
897 912 951 972 His
973 911 1064 973 rebus
1085 910 1254 973 instructus

172 1019 290 1079 semper
312 1000 408 1060 estin
430 999 595 1076 voluptate;
618 998 817 1076 nequeenim
847 1005 965 1075 tempus
994 1004 1040 1057 est
1061 996 1169 1069 ullum,
1192 1014 1254 1076 quo

172 1103 236 1146 non
257 1085 325 1164 plus
343 1084 527 1163 voluptatum
543 1083 647 1143 habeat
667 1100 756 1160 quam
779 1082 936 1153 dolorum3
958 1099 1029 1141 nam
1051 1088 1080 1141 et
1094 1082 1256 1159 praeterita

173 1178 253 1250 grate
284 1169 417 1230 meminit
446 1177 475 1230 et
502 1165 706 1246 praesentibus
743 1168 783 1228 ita
810 1168 932 1246 potitur,
962 1175 996 1227 ut
1030 1164 1255 1239 animadvertat,

174 1262 282 1333 quanta
304 1254 362 1315 sint
383 1273 417 1315 oa
433 1271 584 1332 quamque
597 1252 735 1325 iucunda,
757 1269 856 1337 neque
873 1252 982 1330 pendet
1003 1268 1040 1312 ex
1062 1251 1184 1325 futuris,
1201 1252 1255 1312 sed

173 1348 323 1418 exspectat
344 1339 399 1412 illa,
422 1339 531 1400 fruitur
552 1337 757 1417 praesentibus
778 1337 814 1397 ab
836 1337 932 1415 iisque
954 1335 1039 1408 vitiis,
1063 1353 1141 1413 quae
1164 1337 1254 1416 paulo

205 1510 290 1558 moira
307 1532 342 1546 -
360 1521 410 1556 non
432 1517 480 1558 τινα
497 1508 573 1555 colrido
590 1532 624 1543 —
641 1522 684 1555 πο-
735 1504 805 1556 Sext.
829 1503 899 1569 Emp.
926 1504 984 1554 adv.
1009 1502 1088 1555 nau.
1113 1503 1170 1568 XI,
1199 1507 1255 1559 169.

169 1577 242 1638 minc]
272 1575 325 1639 vgl.
348 1573 421 1624 Tunc.
446 1571 493 1636 ΠΙ,
519 1575 548 1636 2,
574 1575 602 1625 3:
637 1572 685 1624 Est
734 1590 758 1640 p.
778 1573 836 1627 578.
852 1568 1016 1642 Ἐπίκουρος
1032 1571 1086 1642 μὲν
1104 1569 1188 1641 ἔλεγε
1206 1570 1256 1640 τὴν

171 1644 237 1695 enim
254 1643 336 1707 gloria
358 1642 440 1692 solida
463 1641 583 1707 quaedam
600 1657 640 1692 ros
659 1649 685 1692 et
736 1642 912 1711 φιλοσοφίαν
923 1638 1065 1708 ἐνέργειαν
1078 1633 1150 1692 εἶναι
1161 1638 1257 1711 λόγοις

172 1727 299 1779 expressa,
318 1727 367 1761 non
385 1710 540 1761 adumbrata.
735 1711 782 1762 καὶ
800 1709 994 1781 διαλογισμοῖς
1017 1707 1068 1762 τὸν
1093 1705 1256 1782 εὐδαίμονα

206 1784 317 1832 virtutem
334 1781 419 1842 autom]
436 1795 467 1828 zu
477 1793 531 1843 erg.
543 1781 626 1830 dinco
640 1793 684 1828 aas
735 1783 799 1845 βίον
816 1781 1026 1848 περιποιοῦσαν.

171 1848 283 1915 nepam
303 1848 354 1912 vgl.
374 1864 395 1899 c.
414 1850 438 1912 9,
458 1849 499 1900 30.
764 1851 854 1912 findas
879 1850 947 1898 habet
968 1848 1026 1911 cat]
1048 1846 1256 1913 Recepituhtiou

207 1921 264 1980 cap.
286 1919 362 1968 XIX.
409 1915 443 1966 Es
466 1915 531 1966 wird
554 1917 616 1965 kari
640 1931 685 1964 zu·
735 1931 786 1966 von
799 1932 819 1966 c.
834 1919 873 1979 12,
892 1913 949 1969 461.
970 1917 1010 1978 13,
1028 1917 1070 1968 46.
1091 1918 1132 1979 to,
1151 1917 1194 1970 49.
1216 1918 1256 1978 ts,

171 1984 391 2050 sammongefasst,
424 1984 472 2035 wie
495 1985 559 2034 nnab
581 1983 686 2050 Epieurs
736 1988 778 2038 oo.
802 2013 836 2021 —
859 1983 928 2050 Epio.
946 1983 979 2034 ad
996 1982 1061 2034 Men.
1079 1983 1153 2049 ung.
1173 1983 1201 2034 L
1221 1983 1255 2048 X,

173 2055 254 2106 Lehro
271 2054 317 2104 der
333 2052 423 2106 Weiss
448 2052 537 2104 immor
559 2051 687 2117 gliicklicb
738 2055 800 2106 13⁰:
824 2050 876 2116 τὴν
901 2048 1071 2122 αὐταρκείαν
1088 2050 1119 2102 δὲ
1139 2047 1257 2120 ἀγαθὸν

171 2123 209 2174 sei
227 2123 324 2188 genios
342 2121 425 2173 soiner
436 2119 685 2187 Morulpbilosopbi03
735 2123 811 2192 μέγα
828 2121 989 2192 νομίζομεν,
1007 2117 1061 2189 οὐχ
1078 2121 1126 2173 ἵνα
1144 2118 1258 2181 πάντας

173 2188 219 2241 nus
243 2190 283 2241 dio
306 2189 432 2239 Dialectik
455 2189 527 2239 biittc
550 2188 580 2238 E.
604 2188 687 2252 wenis
737 2193 796 2249 τοῖς
809 2185 914 2256 ὀλίγοις
921 2185 1066 2262 χρώμεθα,
1083 2184 1151 2242 ἀλλ’
1171 2186 1258 2250 ὅπως,

173 2257 410 2322 Gewioht‘gelegt,
434 2271 475 2305 um
497 2272 526 2306 so
550 2257 620 2306 mebr
643 2254 689 2306 auf
738 2257 788 2310 ἐὰν
804 2255 844 2329 μὴ
869 2255 976 2330 ἔχωμεν
1002 2255 1037 2311 τὰ
1061 2255 1170 2319 πολλὰ,
1198 2263 1259 2318 τοῖς

173 2326 214 2377 die
237 2324 487 2392 Naturphilosopbie,
517 2325 550 2374 da
573 2323 614 2375 dio
637 2323 686 2374 Er·
737 2322 845 2394 ὀλίγοις
852 2325 999 2398 χρώμεθα.
1025 2327 1101 2378 Clam.
1110 2325 1257 2378 Abstrusa.

172 2394 303 2446 kenntniss
321 2395 365 2444 der
382 2392 464 2444 Natur
484 2392 525 2444 dio
543 2391 687 2458 Gruudluge
738 2394 787 2459 VI,
814 2398 843 2458 2,
871 2399 918 2450 24:
944 2392 1110 2464 Ἐπίκουρος
1138 2388 1256 2464 ἄντικρι·

173 2463 239 2514 aller
256 2460 385 2514 Weisbeit
400 2462 479 2512 wiiro.
738 2475 819 2535 φησι·
860 2462 1068 2517 πλουσιώτατον
1103 2457 1259 2536 αὐτάρκεια

209 2535 250 2584 62.
273 2535 377 2597 quadam
394 2531 496 2592 rationo]
519 2529 545 2579 in
566 2529 687 2594 gewissar
738 2529 860 2587 πάντων.
969 2548 970 2551 ’

173 2600 277 2664 Weiss,
297 2600 323 2650 in
340 2597 424 2651 soiern
441 2598 551 2649 nimlicb
568 2598 608 2648 die
625 2597 686 2664 Epi·
772 2604 855 2652 de'ds'a
872 2603 929 2664 cot]
957 2600 1050 2667 Epicur
1066 2599 1141 2651 stelit
1157 2601 1259 2652 sowobl

173 2684 262 2720 curaer
288 2684 335 2720 nur
361 2665 408 2718 auf
428 2668 519 2718 andere
544 2665 632 2718 Weiss
656 2683 688 2716 zu
738 2670 765 2720 in
787 2671 843 2720 dom
867 2667 949 2720 Brieie
979 2685 1012 2719 an
1035 2670 1082 2719 dou
1106 2668 1257 2721 Monoikeus

174 2736 441 2788 demsclbonResultat
454 2735 501 2786 mit
512 2735 687 2786 denStoikoru
738 2737 776 2788 als
794 2738 820 2788 in
838 2739 886 2788 den
904 2733 997 2809 κύριαι
1014 2736 1095 2798 δόξαι
1112 2737 1155 2788 die
1173 2737 1258 2789 inbre

173 2807 295 2857 konnen.
361 2823 368 2832 ·
736 2822 789 2857 von
806 2805 972 2858 denthtorn
989 2821 1078 2870 voran,
1096 2805 1156 2855 dass
1171 2806 1214 2858 sis
1232 2806 1259 2856 iu

208 2879 304 2936 sapiam
331 2889 424 2935 semper
449 2875 528 2924 boatus
550 2873 611 2934 ind]
635 2870 687 2935 vgl.
738 2875 831 2939 seliger
854 2874 926 2926 bubo
949 2876 1035 2938 leben,
1064 2874 1118 2925 sicb
1141 2890 1185 2924 nm
1210 2875 1259 2926 den
1297 2901 1299 2904 v

175 2942 207 3003 V,
227 2945 268 3005 27,
287 2944 328 2994 86.
363 2940 436 2991 Tusc.
455 2940 487 3004 V,
505 2945 530 3003 9,
549 2943 591 2993 26.
617 2938 687 3005 Epic.
739 2942 874 2994 Monscben
892 2943 962 2994 nicht
978 2944 1106 2994 kiirameru
1129 2959 1154 2992 n
1173 2942 1260 2994 masor

175 3010 208 3059 ad
217 3010 282 3060 Men.
291 3009 362 3072 Diog.
375 3009 403 3059 L.
412 3009 447 3071 X,
468 3011 516 3061 135
534 3005 688 3073 frigtseiuon
738 3011 776 3062 sie
802 3012 857 3061 also
887 3014 951 3062 anob
979 3012 1049 3062 nicht
1076 3027 1109 3061 au
1137 3007 1260 3063 turmam

176 3078 274 3129 chron
291 3092 347 3127 zum
355 3076 458 3126 Scbluss
475 3091 519 3126 an:
538 3076 625 3129 ταῦτα
638 3071 690 3128 οὖν
738 3079 856 3130 brancha.
889 3078 961 3145 Diog.
980 3080 1007 3131 L.
1025 3080 1060 3144 X,
1081 3079 1128 3132 123
1147 3096 1173 3130 u.
1193 3082 1260 3134 139:

176 3148 224 3198 καὶ
246 3143 279 3197 τὰ
306 3140 411 3202 τούτοις
438 3145 559 3213 συγγενῆ
586 3145 689 3213 μελέτα
744 3147 783 3199 Τὸ
801 3144 942 3218 μακάριον
958 3151 1005 3200 καὶ
1023 3145 1067 3219 dp
1141 3143 1261 3202 ονοῦτε

176 3210 223 3266 διὰ
253 3209 358 3271 παντὸς
385 3208 490 3283 ἡμέρας
522 3213 568 3263 καὶ
592 3211 690 3274 νυκτὸς
740 3213 808 3269 αὐτὸ
833 3233 987 3286 πραγματα
1014 3215 1071 3284 ἔχει
1092 3211 1158 3268 σ’τε
1179 3209 1260 3285 ἄλλοι

174 3282 245 3352 πρὸς
259 3277 377 3335 σεαυτὸν
388 3283 436 3333 καὶ
448 3278 517 3352 πρὸς
528 3279 576 3335 τὸν
588 3277 689 3352 ὅμοιον
739 3287 872 3354 παρέχει,
897 3283 966 3338 ὥστε
988 3281 1052 3339 οὔτε
1074 3279 1174 3352 ὀργαῖς
1190 3281 1261 3339 οὔτε

174 3365 258 3406 σεαυτ
271 3357 291 3415 ’,
308 3353 354 3403 καὶ
373 3345 507 3403 οὐδέποτε
524 3344 588 3402 αὕθ’
612 3348 671 3403 dna
736 3351 835 3426 χάρισι
848 3352 1005 3423 συνέχεται·
1024 3354 1055 3408 ἐν
1069 3349 1189 3407 ἀσθενεῖ
1199 3353 1239 3423 γ’

174 3368 689 3549 2³22,in‘'iii‘'iiibiss'ws'ddbii
740 3421 1004 3546 i⁶iii³2i⁰i⁶i⁹”
1028 3421 1140 3485 ⁵¹¹⁰“¹¹’
1155 3371 1261 3479 ¹⁰⁹⁰ss

176 3561 216 3621 17,
236 3560 281 3611 30:
303 3508 466 3628 Ἐπίκουρρος
488 3554 504 3609 ὃ
523 3553 690 3628 Γαργήττιος
766 3529 865 3623 'semper
882 3573 916 3613 ια
933 3565 960 3612 in
976 3562 1073 3624 volupe]
1091 3559 1143 3625 vgl„
1162 3558 1194 3624 11,
1213 3563 1261 3625 2⁰,

174 3623 316 3710 ἐκεκράγει
340 3627 446 3694 λέγων,
462 3611 494 3695 ᾧ
518 3622 614 3695 ὀλίγον
637 3622 689 3695 οὐχ
740 3632 781 3683 96.
808 3629 877 3696 Epic,
896 3631 918 3680 b.
932 3630 1003 3695 biog.
1021 3629 1049 3680 L
1067 3628 1102 3693 X,
1123 3630 1186 3682 11⁸:
1203 3625 1263 3683 κᾶν

174 3694 285 3759 ἱκανον,
313 3692 400 3762 τούτῳ
425 3711 458 3765 γε
480 3691 565 3748 οὐδὲν
583 3690 690 3748 ἱκανόν.
740 3699 900 3769 στρεβλωθῇ
918 3695 948 3749 δ’
968 3699 984 3750 6
1002 3695 1092 3766 σοφὸς
1114 3693 1189 3750 εἶναι
1205 3695 1263 3751 αὖ·

174 3761 251 3833 ἔλεγε
274 3758 303 3814 δ’
336 3761 395 3816 troc
417 3783 452 3824 ως
483 3762 554 3832 ἔχειν
578 3765 625 3817 καλ
650 3763 689 3816 w*
739 3765 789 3819 *dv
815 3762 979 3837 εὐδαίμονα.
1008 3784 1032 3818 u.
1062 3760 1122 3838 κύρ.
1146 3761 1208 3828 δόξ.
1234 3771 1262 3824 4.

173 3833 224 3885 Διὶ
252 3829 322 3906 ὑπὲρ
352 3783 532 3902 εὐι11ιιμονλας
559 3831 673 3940 διαγων
747 3850 792 3885 ¹as.
813 3837 874 3888 140:
902 3834 932 3872 „a
949 3834 981 3887 dd
998 3833 1186 3907 πολυχρόνιοι
1203 3837 1263 3890 τῶν

174 3902 267 3962 (efflat
301 3900 386 3951 ιιᾶῒην
426 3902 489 3968 frans
527 3904 570 3944 vu)
615 3901 671 3960 uim*
749 3902 895 3960 msrmmufia
937 3899 1081 3959 πλεονιλζον
1104 3903 1204 3973 ἔχουσι
1227 3904 1262 3960 τὸ
