2632 4516
149 227 204 297 ‘38
522 231 556 283 M.
574 231 684 284 TULLII
702 231 873 284 CICERONIS

163 389 265 456 dolore
280 407 336 449 nec
357 388 534 466 impediente
549 406 605 450 nec
626 388 824 466 impendente,
841 406 930 467 quem
948 389 1066 451 tandem
1081 388 1138 448 hoc
1156 398 1233 450 statu

163 472 413 554 praestabiliorem
440 482 490 534 aut
511 474 604 553 magis
626 474 823 553 expetendum
845 474 995 553 possimus
1017 469 1138 535 dicere?
1180 475 1234 535 ln-

164 578 228 622 esse
251 559 329 619 enim
351 577 472 620 necesse
494 559 587 620 estin
609 577 654 632 eo,
677 559 729 637 qui
747 559 788 619 ita
810 559 847 620 sit
867 560 1008 631 adfectus,
1024 567 1053 619 et
1066 558 1235 621 firmitatem

164 644 254 705 animi
275 662 331 705 nec
353 651 479 705 mortem
508 662 564 704 nec
585 644 719 705 dolorem
747 644 891 717 timentis,
921 643 1002 723 quod
1032 662 1113 705 mors
1143 663 1235 706 sensu

165 715 275 803 careat,
298 730 384 791 dolor
403 730 435 789 in
457 729 668 808 longinquitate
696 728 783 802 levis,
812 729 843 788 in
866 729 1002 808 gravitate
1023 727 1121 790 brevis
1143 729 1238 790 soleat

165 834 244 888 esse,
272 823 305 875 ut
326 815 390 875 eius
411 815 643 893 magnitudinem
672 814 815 887 celeritas,
846 814 1065 876 diuturnitatem
1093 814 1235 876 adleuatio

118 907 151 959 41
166 900 342 961 consoletur.
386 899 431 961 Ad
461 918 494 960 ea
524 917 593 960 cum
622 899 747 973 accedit,
777 908 810 960 ut
837 918 935 978 neque
965 899 1098 960 divinum
1121 918 1235 961 numen

164 986 283 1046 horreat
309 1002 365 1045 nec
388 984 556 1064 praeteritas
578 985 741 1064 voluptates
769 985 890 1047 effluere
918 983 1043 1063 patiatur
1072 1002 1236 1064 earumque

121 1141 124 1148 ¹
165 1070 287 1132 adsidua
308 1070 511 1131 recordatione
532 1070 662 1143 laetetur,
684 1069 755 1149 quid
778 1078 830 1142 est,
852 1070 933 1148 quod
949 1068 1015 1129 'huc
1036 1070 1137 1148 possit,
1154 1070 1235 1148 quod

165 1155 270 1217 melius
292 1155 337 1229 sit,
359 1151 520 1216 accedere?
563 1156 662 1216 Statue
683 1162 786 1217 contra
807 1155 935 1234 aliquem
958 1156 1126 1216 contectum
1147 1155 1236 1216 tantis

164 1240 255 1303 animi
270 1240 463 1319 corporisque
478 1240 638 1313 doloribus,
656 1241 757 1318 quanti
776 1241 807 1302 in
824 1240 975 1300 hominem
996 1240 1116 1301 maximi
1132 1240 1237 1301 cadere

165 1333 298 1405 possunt,
315 1325 395 1386 nulla
417 1344 469 1404 spe
491 1326 642 1405 proposita
660 1328 725 1385 sore
746 1325 839 1386 levius
859 1325 1025 1403 aliquando,
1046 1325 1125 1385 nulla
1146 1343 1235 1404 prae-

164 1420 243 1471 terea
265 1428 362 1488 neque
382 1410 529 1489 praesenti
543 1428 598 1471 nec
612 1418 775 1489 exspectata
789 1410 946 1489 voluptate,
962 1410 1032 1487 quid
1048 1428 1083 1469 eo
1098 1409 1235 1471 miserius

166 1495 222 1556 dici
244 1504 294 1555 aut
314 1496 385 1575 fingi
412 1492 529 1574 potest?
572 1495 658 1569 Quod
682 1496 706 1556 si
727 1496 785 1557 vita
807 1495 958 1556 doloribus
979 1496 1086 1556 referta
1107 1495 1236 1556 maxime

165 1580 304 1659 fugienda
325 1588 377 1652 est,
398 1598 550 1640 summum
571 1582 704 1658 prolecto
726 1581 838 1641 malum
860 1589 904 1642 est
918 1581 1016 1640 vivere
1032 1598 1101 1640 cum
1116 1580 1236 1654 dolore;

166 1665 213 1727 cui
235 1665 395 1726 sententiae
417 1672 647 1734 consentaneum
670 1673 722 1739 est,
748 1665 886 1727 ultimum
908 1684 973 1726 esse
993 1663 1145 1727 bonorum
1166 1683 1237 1727 cum

165 1749 312 1828 voluptate
330 1749 437 1810 rivere.
473 1751 534 1811 Nec
556 1751 636 1811 enim
657 1750 745 1812 habet
765 1759 865 1812 nostra
888 1769 972 1812 mens
995 1751 1162 1829 quicquam,
1184 1750 1237 1811 ubi

166 1835 306 1896 consistat
325 1843 467 1913 tanquam
495 1837 526 1897 in
556 1844 705 1909 extrem03
735 1854 900 1915 omnesque
922 1845 950 1897 et
972 1844 1068 1896 metus
1090 1843 1119 1896 et
1139 1835 1235 1915 aegri-

164 1920 281 1985 tudines
296 1921 332 1982 ad
349 1921 482 1982 dolorem
503 1923 683 1996 referuntur,
697 1939 753 1982 nec
772 1929 922 2001 praeterea
943 1929 988 1981 est
1008 1939 1056 1982 res
1078 1921 1144 1994 ulla,
1161 1939 1236 1999 quae

118 2027 152 2079 42
166 2024 220 2066 sua
245 2015 347 2068 natura
369 2015 420 2067 aut
440 2006 593 2068 sollicitare
614 2006 708 2086 possit
728 2015 778 2068 aut
799 2025 913 2085 angere.
956 2005 1110 2067 Praeterea
1131 2014 1161 2067 et
1181 2024 1236 2085 ap-

165 2091 284 2169 petendi
306 2099 334 2152 et
354 2091 519 2170 refugiendi
541 2100 569 2153 et
588 2091 710 2152 omnino
728 2110 830 2152 rerum
850 2091 1046 2170 gerendarum
1067 2090 1147 2151 initia
1162 2109 1236 2170 pro-

165 2175 336 2235 ficiscuntur
365 2183 416 2236 aut
443 2195 460 2236 a
487 2177 635 2255 voluptate
664 2185 714 2237 aut
742 2196 758 2237 a
788 2176 906 2249 dolore,
936 2176 1017 2254 quod
1040 2176 1168 2236 sumita
1190 2176 1236 2248 sit,

165 2259 355 2338 perspicuum
379 2268 424 2321 est
445 2261 542 2321 omnis
564 2269 657 2322 rectas
686 2280 733 2322 res
762 2270 850 2340 atque
876 2261 1028 2322 laudabilis
1057 2279 1092 2321 eo
1122 2262 1237 2334 referri,

165 2452 197 2488 zu
213 2436 319 2502 maiden,
333 2438 383 2488 und
400 2437 514 2489 dasselbe
531 2438 620 2489 hatten
638 2439 675 2490 sio
726 2436 754 2490 L.
766 2437 801 2502 X,
817 2441 878 2492 tto:
896 2432 929 2490 οὗ
943 2439 1065 2509 χρονίζει
1082 2434 1113 2489 τὸ
1131 2433 1237 2506 ἀλγοῦν

165 2507 229 2556 auch
245 2505 341 2558 wieder
357 2522 412 2558 zum
429 2506 508 2558 Ziele.
724 2508 844 2574 συνεχῶς
859 2506 936 2588 {atq
948 2509 1035 2579 σαρκὶ,
1052 2501 1120 2559 ἀλλὰ
1133 2504 1166 2560 τὸ
1183 2507 1237 2579 μὲν

200 2578 241 2628 40.
270 2579 337 2628 nullo
354 2579 434 2628 dolore
449 2593 492 2628 nco
509 2603 542 2612 —
566 2577 615 2639 nec]
635 2577 674 2627 die
725 2571 810 2649 ἄκρον
822 2573 871 2629 τὸν
886 2576 1031 2659 ἐλοχιστον
1041 2569 1147 2647 χρόνον
1163 2571 1236 2649 πάρ·

164 2642 320 2709 Negationem
349 2646 430 2696 heheu
458 2645 578 2696 einander
606 2645 676 2695 nicht
725 2659 795 2704 εστι,
812 2642 845 2698 τὸ
863 2643 895 2698 rt
912 2662 1003 2712 μονον
1021 2639 1186 2715 ὑπέρτονον
1203 2641 1237 2696 τὸ

165 2712 216 2777 aul,
235 2713 267 2764 da
280 2713 358 2764 durch
371 2731 512 2781 neo—,mc
525 2711 675 2765 nurUnter-
725 2709 865 2796 ἡδόμενον
882 2713 951 2766 κατὰ
972 2706 1058 2787 σάρκα
1078 2708 1111 2765 οὗ
1129 2709 1238 2771 πολλὰς

164 2780 486 2848 abtheiluugcnangeliihrt
497 2783 606 2834 werden.
622 2783 674 2848 vgl.
724 2785 828 2856 ημέρας
852 2785 1012 2852 συμβαίνει·
1039 2782 1071 2834 αἱ
1094 2780 1125 2834 δὲ
1149 2783 1236 2834 πολυ-

165 2847 236 2914 §tc
251 2867 272 2901 ο.
290 2854 330 2914 16,
349 2855 390 2904 50.
411 2854 450 2915 19,
468 2854 510 2905 03.
528 2849 572 2904 lta.
586 2849 602 2918 ἕ
615 2854 674 2914 510,
722 2847 833 2925 χρόνιοι
845 2853 900 2905 τῶν
913 2847 1073 2924 ἀρρωστιῶν
1084 2844 1238 2913 πλεονάζον

162 2917 194 2968 Α.
212 2920 237 2971 2.
725 2920 822 3003 ἔχουσι
844 2917 877 2973 τὸ
898 2915 1038 2988 ἡδόμενον
1057 2919 1088 2972 ἐν
1105 2921 1139 2993 τῇ
1156 2921 1237 2993 σαρκὶ

198 2989 381 3051 etflrme'tatem]
416 2987 509 3039 diesem
537 2988 676 3056 partitivon
723 2983 795 3111 ἢπερ
814 2986 847 3042 τὸ
866 2983 979 3056 ἀλγοῦν.

163 3064 186 3107 et
209 3054 347 3121 entspricht
369 3057 480 3108 nachher
508 3056 554 3107 mit
582 3058 676 3108 vertin-
759 3061 894 3123 4.ocquo
910 3061 959 3109 dte.
977 3074 1066 3108 nutam
1081 3057 1188 3121 horreat]
1205 3057 1237 3108 (1ο

163 3123 249 3173 dorter
277 3123 452 3174 construction
481 3124 498 3190 ξ
520 3128 568 3179 41:
594 3129 630 3176 ad
649 3143 677 3177 ιο
726 3132 778 3178 nat.
796 3127 864 3177 deor.
882 3125 902 3189 l,
923 3128 963 3190 tr,
980 3128 1023 3180 45.
1041 3128 1083 3190 20,
1102 3128 1143 3179 to.
1163 3124 1237 3177 Lucr.

163 3208 217 3244 cum
233 3195 321 3244 accedet
337 3198 386 3244 cet.
410 3193 463 3258 vgl.
475 3192 578 3258 Madvig
589 3193 637 3245 Ex.
653 3196 675 3247 1.
725 3192 757 3259 ll,
778 3197 809 3248 18
827 3193 845 3245 f.

164 3277 195 3311 zu
213 3259 263 3311 Cic.
282 3263 313 3312 de
330 3262 371 3313 liu.
760 3280 802 3316 neo
810 3272 889 3326 praet.
903 3280 926 3316 ν.
939 3264 1166 3329 efflooropatiatur]
1185 3261 1236 3328 vgl.

198 3333 264 3396 quod
279 3349 344 3383 mora
358 3347 430 3382 tonsu
446 3330 549 3395 carcat]⁴
567 3329 619 3395 vgl.
642 3328 673 3394 11,
723 3329 797 3385 Tuto.
815 3332 848 3395 V,
866 3334 908 3395 33,
927 3334 968 3384 98.

164 3400 206 3463 31,
227 3402 283 3453 100.
311 3399 382 3468 Epic.
399 3392 456 3472 κύρ.
475 3394 530 3460 do&
548 3401 574 3452 2.
601 3397 674 3466 Πίος.
759 3404 975 3466 tantis—quami
987 3399 1097 3464 mmo]
1114 3399 1166 3465 vgl.
1181 3397 1238 3453 cat.

164 3465 192 3518 L.
205 3467 240 3532 X,
254 3471 310 3523 124.
330 3464 436 3523 1392‘0
448 3462 573 3528 θάνατος
590 3462 674 3522 οὐδὲν
725 3485 757 3524 m.
777 3471 818 3534 12,
835 3472 879 3524 41.
895 3466 941 3520 lta.
959 3467 976 3535 ᾗ
995 3471 1043 3523 591
1076 3471 1098 3522 1.

162 3532 234 3602 πρὸς
250 3531 336 3608 ἡμᾶς·
353 3533 386 3591 τὸ
403 3534 459 3611 γὰρ
477 3535 612 3590 διαλυθὲν
624 3532 673 3593 οἷν·
757 3556 800 3590 nec
825 3541 888 3590 onim
915 3540 983 3590 latet
1007 3555 1033 3592 n.
1056 3555 1089 3592 m.
1105 3539 1239 3603 quidquam

163 3608 297 3672 αιοθητεῖ,
317 3603 348 3658 τὸ
368 3604 399 3659 δὲ
417 3601 607 3673 ἀναισθητοῦν
626 3601 673 3660 οὐ·
724 3608 783 3671 eet]
806 3606 840 3658 Es
857 3622 923 3659 murs
940 3605 997 3658 hier
1012 3604 1053 3657 cin
1065 3609 1136 3658 aliod
1147 3605 1237 3657 Muzu-

163 3671 211 3726 dlv
228 3669 300 3748 πρὸς
315 3670 396 3745 ἡμᾶς.
724 3676 833 3741 godecht
851 3675 962 3740 werden,
981 3675 1041 3727 odor
1058 3674 1108 3727 wie
1125 3675 1239 3726 naemei

177 3745 263 3796 dolor
286 3746 313 3794 in
337 3747 508 3810 tonptoquttm
528 3744 585 3807 cot]
620 3743 672 3807 vgl.
718 3754 857 3807 prauum
886 3743 969 3809 „deun
998 3758 1074 3795 unser
1097 3741 1170 3795 Goist
1192 3744 1239 3794 last

160 3827 181 3865 ο.
203 3815 242 3877 15,
261 3814 303 3868 49.
321 3809 353 3877 11,
372 3815 396 3877 7,
414 3814 455 3866 22.
474 3814 516 3895 29,
532 3814 574 3868 94.
598 3809 671 3864 Tusc.
723 3819 818 3863 sonet
834 3811 944 3864 niehts“.

159 3879 193 3946 V,
206 3883 247 3946 31,
263 3883 305 3934 81.
323 3878 391 3948 Epic.
410 3875 467 3955 κύρ.
482 3880 537 3942 dot.
550 3882 575 3935 4.
598 3879 672 3947 Diog.
758 3884 800 3935 42.
818 3891 840 3934 et
855 3881 960 3945 manino]
978 3878 1049 3930 Hand
1066 3877 1098 3944 ll,
1115 3895 1140 3946 p.
1157 3881 1209 3935 480
1217 3875 1236 3930 f.
