<?xml version="1.0" encoding="UTF-8"?>
<!DOCTYPE html PUBLIC "-//W3C//DTD XHTML 1.0 Transitional//EN"
    "http://www.w3.org/TR/xhtml1/DTD/xhtml1-transitional.dtd">
<html xmlns="http://www.w3.org/1999/xhtml" xml:lang="en" lang="en">
 <head>
  <title>
</title>
<meta http-equiv="Content-Type" content="text/html;charset=utf-8" />
  <meta name='ocr-system' content='tesseract 3.04.00' />
  <meta name='ocr-capabilities' content='ocr_page ocr_carea ocr_par ocr_line ocrx_word'/>
</head>
<body>
  <div class='ocr_page' id='page_1' title='image "./definibusbonoru01cicegoog_0051.png"; bbox 0 0 2634 4478; ppageno 0'>
   <div class='ocr_carea' id='block_1_1' title="bbox 140 245 853 315">
    <p class='ocr_par' dir='ltr' id='par_1_1' title="bbox 140 245 853 315">
     <span class='ocr_line' id='line_1_1' title="bbox 140 245 853 315; baseline -0.008 -13"><span class='ocrx_word' id='word_1_1' title='bbox 140 249 184 315; x_wconf 87' lang='lat'>40</span> <span class='ocrx_word' id='word_1_2' title='bbox 503 247 536 299; x_wconf 89' lang='lat' dir='ltr'>M.</span> <span class='ocrx_word' id='word_1_3' title='bbox 554 246 664 300; x_wconf 83' lang='lat' dir='ltr'><strong>TULLII</strong></span> <span class='ocrx_word' id='word_1_4' title='bbox 681 245 853 298; x_wconf 78' lang='lat' dir='ltr'>CICERONIS</span> 
     </span>
    </p>
   </div>
   <div class='ocr_carea' id='block_1_2' title="bbox 95 399 1225 2522">
    <p class='ocr_par' dir='ltr' id='par_1_2' title="bbox 95 399 1225 2522">
     <span class='ocr_line' id='line_1_2' title="bbox 140 399 1221 479; baseline -0.005 -14"><span class='ocrx_word' id='word_1_5' title='bbox 140 404 249 465; x_wconf 91' lang='lat' dir='ltr'>invidia</span> <span class='ocrx_word' id='word_1_6' title='bbox 269 402 352 463; x_wconf 88' lang='lat' dir='ltr'>verbi</span> <span class='ocrx_word' id='word_1_7' title='bbox 380 404 570 466; x_wconf 80' lang='lat' dir='ltr'>labefactetur</span> <span class='ocrx_word' id='word_1_8' title='bbox 597 402 689 463; x_wconf 91' lang='lat' dir='ltr'>oratio</span> <span class='ocrx_word' id='word_1_9' title='bbox 713 419 786 462; x_wconf 87' lang='lat' dir='ltr'>mea.</span> <span class='ocrx_word' id='word_1_10' title='bbox 830 402 906 463; x_wconf 91' lang='lat' dir='ltr'>Nam</span> <span class='ocrx_word' id='word_1_11' title='bbox 933 419 1002 462; x_wconf 92' lang='lat' dir='ltr'>cum</span> <span class='ocrx_word' id='word_1_12' title='bbox 1030 399 1221 479; x_wconf 74' lang='lat' dir='ltr'>ignoratione</span> 
     </span>
     <span class='ocr_line' id='line_1_3' title="bbox 140 485 1221 558; baseline -0.004 -8"><span class='ocrx_word' id='word_1_13' title='bbox 140 508 243 550; x_wconf 90' lang='lat' dir='ltr'>rerum</span> <span class='ocrx_word' id='word_1_14' title='bbox 270 488 418 551; x_wconf 89' lang='lat' dir='ltr'>bonarum</span> <span class='ocrx_word' id='word_1_15' title='bbox 448 498 476 550; x_wconf 91' lang='lat' dir='ltr'>et</span> <span class='ocrx_word' id='word_1_16' title='bbox 505 490 649 550; x_wconf 88' lang='lat' dir='ltr'>malarum</span> <span class='ocrx_word' id='word_1_17' title='bbox 678 487 804 547; x_wconf 81' lang='lat' dir='ltr'><strong>maxime</strong></span> <span class='ocrx_word' id='word_1_18' title='bbox 826 486 983 547; x_wconf 90' lang='lat' dir='ltr'>bominum</span> <span class='ocrx_word' id='word_1_19' title='bbox 1005 485 1062 546; x_wconf 84' lang='lat' dir='ltr'>rita</span> <span class='ocrx_word' id='word_1_20' title='bbox 1083 492 1221 558; x_wconf 86' lang='lat' dir='ltr'>vexetur,</span> 
     </span>
     <span class='ocr_line' id='line_1_4' title="bbox 142 570 1222 652; baseline -0.002 -18"><span class='ocrx_word' id='word_1_21' title='bbox 142 574 180 634; x_wconf 92' lang='lat' dir='ltr'>ob</span> <span class='ocrx_word' id='word_1_22' title='bbox 203 591 332 652; x_wconf 89' lang='lat' dir='ltr'>eumque</span> <span class='ocrx_word' id='word_1_23' title='bbox 360 593 492 636; x_wconf 88' lang='lat' dir='ltr'>errorem</span> <span class='ocrx_word' id='word_1_24' title='bbox 519 583 548 635; x_wconf 90' lang='lat' dir='ltr'>et</span> <span class='ocrx_word' id='word_1_25' title='bbox 569 571 765 650; x_wconf 90' lang='lat' dir='ltr'>voluptatibus</span> <span class='ocrx_word' id='word_1_26' title='bbox 796 571 930 632; x_wconf 86' lang='lat' dir='ltr'>maximis</span> <span class='ocrx_word' id='word_1_27' title='bbox 952 589 1038 649; x_wconf 80' lang='lat' dir='ltr'>saepe</span> <span class='ocrx_word' id='word_1_28' title='bbox 1060 570 1222 648; x_wconf 81' lang='lat' dir='ltr'>priventur</span> 
     </span>
     <span class='ocr_line' id='line_1_5' title="bbox 142 655 1222 735; baseline -0.003 -15"><span class='ocrx_word' id='word_1_29' title='bbox 142 670 170 720; x_wconf 90' lang='lat' dir='ltr'>et</span> <span class='ocrx_word' id='word_1_30' title='bbox 214 659 379 721; x_wconf 90' lang='lat' dir='ltr'>durissimis</span> <span class='ocrx_word' id='word_1_31' title='bbox 421 661 512 721; x_wconf 88' lang='lat' dir='ltr'>animi</span> <span class='ocrx_word' id='word_1_32' title='bbox 556 656 708 719; x_wconf 93' lang='lat' dir='ltr'>doloribus</span> <span class='ocrx_word' id='word_1_33' title='bbox 749 665 959 735; x_wconf 82' lang='lat' dir='ltr'>torqueantur,</span> <span class='ocrx_word' id='word_1_34' title='bbox 995 655 1140 734; x_wconf 88' lang='lat' dir='ltr'>sapientia</span> <span class='ocrx_word' id='word_1_35' title='bbox 1175 663 1222 717; x_wconf 89' lang='lat' dir='ltr'>est</span> 
     </span>
     <span class='ocr_line' id='line_1_6' title="bbox 141 741 1222 823; baseline -0.002 -19"><span class='ocrx_word' id='word_1_36' title='bbox 141 744 321 818; x_wconf 90' lang='lat' dir='ltr'>adhibenda,</span> <span class='ocrx_word' id='word_1_37' title='bbox 365 763 440 823; x_wconf 90' lang='lat' dir='ltr'>quae</span> <span class='ocrx_word' id='word_1_38' title='bbox 472 752 501 805; x_wconf 92' lang='lat' dir='ltr'>et</span> <span class='ocrx_word' id='word_1_39' title='bbox 529 741 692 805; x_wconf 93' lang='lat' dir='ltr'>terroribus</span> <span class='ocrx_word' id='word_1_40' title='bbox 722 742 987 821; x_wconf 85' lang='lat' dir='ltr'>cupiditatibusque</span> <span class='ocrx_word' id='word_1_41' title='bbox 1016 741 1167 801; x_wconf 49' lang='lat' dir='ltr'>detractis&gt;</span> <span class='ocrx_word' id='word_1_42' title='bbox 1192 749 1222 802; x_wconf 81' lang='lat' dir='ltr'>et</span> 
     </span>
     <span class='ocr_line' id='line_1_7' title="bbox 142 825 1221 908; baseline -0.003 -19"><span class='ocrx_word' id='word_1_43' title='bbox 142 830 278 890; x_wconf 89' lang='lat' dir='ltr'>omnium</span> <span class='ocrx_word' id='word_1_44' title='bbox 294 830 434 890; x_wconf 85' lang='lat' dir='ltr'>falsarum</span> <span class='ocrx_word' id='word_1_45' title='bbox 450 830 626 908; x_wconf 89' lang='lat' dir='ltr'>opinionum</span> <span class='ocrx_word' id='word_1_46' title='bbox 644 828 805 888; x_wconf 89' lang='lat' dir='ltr'>temeritate</span> <span class='ocrx_word' id='word_1_47' title='bbox 828 828 947 906; x_wconf 90' lang='lat' dir='ltr'>derepta</span> <span class='ocrx_word' id='word_1_48' title='bbox 970 825 1167 887; x_wconf 78' lang='lat' dir='ltr'>certissimam</span> <span class='ocrx_word' id='word_1_49' title='bbox 1188 844 1221 886; x_wconf 87' lang='lat' dir='ltr'>se</span> 
     </span>
     <span class='ocr_line' id='line_1_8' title="bbox 141 912 1220 993; baseline -0.004 -18"><span class='ocrx_word' id='word_1_50' title='bbox 141 915 228 976; x_wconf 90' lang='lat' dir='ltr'>nobis</span> <span class='ocrx_word' id='word_1_51' title='bbox 250 914 356 975; x_wconf 89' lang='lat' dir='ltr'>ducem</span> <span class='ocrx_word' id='word_1_52' title='bbox 378 913 516 993; x_wconf 88' lang='lat' dir='ltr'>praebeat</span> <span class='ocrx_word' id='word_1_53' title='bbox 537 915 572 975; x_wconf 92' lang='lat' dir='ltr'>ad</span> <span class='ocrx_word' id='word_1_54' title='bbox 596 913 784 991; x_wconf 87' lang='lat' dir='ltr'>voluptatem.</span> <span class='ocrx_word' id='word_1_55' title='bbox 813 912 960 991; x_wconf 87' lang='lat' dir='ltr'>Sapientia</span> <span class='ocrx_word' id='word_1_56' title='bbox 981 912 1060 972; x_wconf 90' lang='lat' dir='ltr'>enim</span> <span class='ocrx_word' id='word_1_57' title='bbox 1082 919 1129 972; x_wconf 89' lang='lat' dir='ltr'>est</span> <span class='ocrx_word' id='word_1_58' title='bbox 1151 929 1220 984; x_wconf 88' lang='lat' dir='ltr'>una,</span> 
     </span>
     <span class='ocr_line' id='line_1_9' title="bbox 143 982 1222 1078; baseline -0.002 -19"><span class='ocrx_word' id='word_1_59' title='bbox 143 1017 218 1078; x_wconf 90' lang='lat' dir='ltr'>quae</span> <span class='ocrx_word' id='word_1_60' title='bbox 240 999 412 1060; x_wconf 91' lang='lat' dir='ltr'>maestitiam</span> <span class='ocrx_word' id='word_1_61' title='bbox 434 1000 521 1078; x_wconf 91' lang='lat' dir='ltr'>pellat</span> <span class='ocrx_word' id='word_1_62' title='bbox 542 1018 578 1059; x_wconf 81' lang='lat' dir='ltr'>ex</span> <span class='ocrx_word' id='word_1_63' title='bbox 600 998 714 1070; x_wconf 93' lang='lat' dir='ltr'>animis,</span> <span class='ocrx_word' id='word_1_64' title='bbox 730 982 881 1077; x_wconf 69' lang='lat' dir='ltr'>quae⁸nos</span> <span class='ocrx_word' id='word_1_65' title='bbox 903 997 1113 1057; x_wconf 83' lang='lat' dir='ltr'>exhorrescere</span> <span class='ocrx_word' id='word_1_66' title='bbox 1137 1005 1222 1058; x_wconf 89' lang='lat' dir='ltr'>metu</span> 
     </span>
     <span class='ocr_line' id='line_1_10' title="bbox 142 1081 1221 1163; baseline -0.001 -20"><span class='ocrx_word' id='word_1_67' title='bbox 142 1102 204 1143; x_wconf 92' lang='lat' dir='ltr'>non</span> <span class='ocrx_word' id='word_1_68' title='bbox 227 1085 318 1158; x_wconf 86' lang='lat' dir='ltr'>sinat;</span> <span class='ocrx_word' id='word_1_69' title='bbox 341 1102 399 1162; x_wconf 89' lang='lat' dir='ltr'>qua</span> <span class='ocrx_word' id='word_1_70' title='bbox 414 1085 611 1163; x_wconf 88' lang='lat' dir='ltr'>praeceptrice</span> <span class='ocrx_word' id='word_1_71' title='bbox 626 1084 658 1143; x_wconf 91' lang='lat' dir='ltr'>in</span> <span class='ocrx_word' id='word_1_72' title='bbox 678 1083 883 1161; x_wconf 87' lang='lat' dir='ltr'>tranquillitate</span> <span class='ocrx_word' id='word_1_73' title='bbox 896 1082 955 1143; x_wconf 88' lang='lat' dir='ltr'>vivi</span> <span class='ocrx_word' id='word_1_74' title='bbox 970 1089 1067 1161; x_wconf 87' lang='lat' dir='ltr'>potest</span> <span class='ocrx_word' id='word_1_75' title='bbox 1080 1081 1221 1142; x_wconf 91' lang='lat' dir='ltr'>omnium</span> 
     </span>
     <span class='ocr_line' id='line_1_11' title="bbox 142 1166 1220 1247; baseline 0.001 -20"><span class='ocrx_word' id='word_1_76' title='bbox 142 1168 334 1247; x_wconf 85' lang='lat' dir='ltr'>cupiditatum</span> <span class='ocrx_word' id='word_1_77' title='bbox 350 1170 455 1231; x_wconf 90' lang='lat' dir='ltr'>ardore</span> <span class='ocrx_word' id='word_1_78' title='bbox 472 1170 619 1231; x_wconf 90' lang='lat' dir='ltr'>restincto.</span> <span class='ocrx_word' id='word_1_79' title='bbox 648 1168 824 1247; x_wconf 89' lang='lat' dir='ltr'>Cupiditates</span> <span class='ocrx_word' id='word_1_80' title='bbox 840 1167 921 1228; x_wconf 91' lang='lat' dir='ltr'>enim</span> <span class='ocrx_word' id='word_1_81' title='bbox 941 1174 1012 1227; x_wconf 90' lang='lat' dir='ltr'>sunt</span> <span class='ocrx_word' id='word_1_82' title='bbox 1031 1166 1220 1240; x_wconf 83' lang='lat' dir='ltr'>insatiabiles,</span> 
     </span>
     <span class='ocr_line' id='line_1_12' title="bbox 143 1251 1221 1334; baseline -0.001 -21"><span class='ocrx_word' id='word_1_83' title='bbox 143 1271 217 1331; x_wconf 90' lang='lat' dir='ltr'>quae</span> <span class='ocrx_word' id='word_1_84' title='bbox 239 1272 301 1313; x_wconf 91' lang='lat' dir='ltr'>non</span> <span class='ocrx_word' id='word_1_85' title='bbox 324 1255 414 1314; x_wconf 90' lang='lat' dir='ltr'>modo</span> <span class='ocrx_word' id='word_1_86' title='bbox 433 1255 565 1334; x_wconf 82' lang='lat' dir='ltr'>singulos</span> <span class='ocrx_word' id='word_1_87' title='bbox 580 1254 726 1327; x_wconf 88' lang='lat' dir='ltr'>homines,</span> <span class='ocrx_word' id='word_1_88' title='bbox 741 1254 793 1314; x_wconf 90' lang='lat' dir='ltr'>sed</span> <span class='ocrx_word' id='word_1_89' title='bbox 810 1253 962 1313; x_wconf 88' lang='lat' dir='ltr'>universas</span> <span class='ocrx_word' id='word_1_90' title='bbox 985 1251 1107 1312; x_wconf 86' lang='lat' dir='ltr'>familias</span> <span class='ocrx_word' id='word_1_91' title='bbox 1132 1269 1221 1312; x_wconf 88' lang='lat' dir='ltr'>ever·</span> 
     </span>
     <span class='ocr_line' id='line_1_13' title="bbox 95 1336 1221 1417; baseline 0.002 -22"><span class='ocrx_word' id='word_1_92' title='bbox 95 1346 129 1396; x_wconf 86' lang='grc'>44</span> <span class='ocrx_word' id='word_1_93' title='bbox 141 1347 216 1411; x_wconf 85' lang='lat' dir='ltr'>tunt,</span> <span class='ocrx_word' id='word_1_94' title='bbox 239 1347 331 1399; x_wconf 91' lang='lat' dir='ltr'>totam</span> <span class='ocrx_word' id='word_1_95' title='bbox 355 1340 441 1400; x_wconf 88' lang='lat' dir='ltr'>etiam</span> <span class='ocrx_word' id='word_1_96' title='bbox 462 1340 636 1400; x_wconf 83' lang='lat' dir='ltr'>labefactant</span> <span class='ocrx_word' id='word_1_97' title='bbox 657 1357 744 1417; x_wconf 90' lang='lat' dir='ltr'>saepe</span> <span class='ocrx_word' id='word_1_98' title='bbox 766 1356 830 1398; x_wconf 91' lang='lat' dir='ltr'>rem</span> <span class='ocrx_word' id='word_1_99' title='bbox 850 1336 1007 1416; x_wconf 89' lang='lat' dir='ltr'>publicam.</span> <span class='ocrx_word' id='word_1_100' title='bbox 1035 1337 1082 1398; x_wconf 79' lang='lat' dir='ltr'>Ex</span> <span class='ocrx_word' id='word_1_101' title='bbox 1100 1337 1221 1416; x_wconf 89' lang='lat' dir='ltr'>cupidi·</span> 
     </span>
     <span class='ocr_line' id='line_1_14' title="bbox 141 1422 1221 1498; baseline -0.001 -14"><span class='ocrx_word' id='word_1_102' title='bbox 141 1423 250 1484; x_wconf 92' lang='lat' dir='ltr'>tatibus</span> <span class='ocrx_word' id='word_1_103' title='bbox 272 1424 354 1498; x_wconf 92' lang='lat' dir='ltr'>odia,</span> <span class='ocrx_word' id='word_1_104' title='bbox 377 1424 511 1498; x_wconf 90' lang='lat' dir='ltr'>discidia,</span> <span class='ocrx_word' id='word_1_105' title='bbox 534 1424 711 1496; x_wconf 85' lang='lat' dir='ltr'>discordiae,</span> <span class='ocrx_word' id='word_1_106' title='bbox 737 1423 912 1494; x_wconf 85' lang='lat' dir='ltr'>seditiones,</span> <span class='ocrx_word' id='word_1_107' title='bbox 941 1422 1016 1482; x_wconf 89' lang='lat' dir='ltr'>bella</span> <span class='ocrx_word' id='word_1_108' title='bbox 1044 1429 1221 1494; x_wconf 85' lang='lat' dir='ltr'>nascuntur,</span> 
     </span>
     <span class='ocr_line' id='line_1_15' title="bbox 142 1506 1220 1581; baseline -0.001 -13"><span class='ocrx_word' id='word_1_109' title='bbox 142 1526 197 1568; x_wconf 89' lang='lat' dir='ltr'>nec</span> <span class='ocrx_word' id='word_1_110' title='bbox 219 1528 270 1569; x_wconf 89' lang='lat' dir='ltr'>eae</span> <span class='ocrx_word' id='word_1_111' title='bbox 291 1528 324 1568; x_wconf 91' lang='lat' dir='ltr'>se</span> <span class='ocrx_word' id='word_1_112' title='bbox 345 1509 426 1569; x_wconf 92' lang='lat' dir='ltr'>foris</span> <span class='ocrx_word' id='word_1_113' title='bbox 440 1510 537 1570; x_wconf 89' lang='lat' dir='ltr'>solum</span> <span class='ocrx_word' id='word_1_114' title='bbox 560 1510 674 1581; x_wconf 81' lang='lat' dir='ltr'>iactant,</span> <span class='ocrx_word' id='word_1_115' title='bbox 695 1526 752 1568; x_wconf 90' lang='lat' dir='ltr'>neo</span> <span class='ocrx_word' id='word_1_116' title='bbox 772 1516 887 1568; x_wconf 87' lang='lat' dir='ltr'>tantum</span> <span class='ocrx_word' id='word_1_117' title='bbox 909 1508 940 1568; x_wconf 93' lang='lat' dir='ltr'>in</span> <span class='ocrx_word' id='word_1_118' title='bbox 962 1507 1033 1567; x_wconf 88' lang='lat' dir='ltr'>alios</span> <span class='ocrx_word' id='word_1_119' title='bbox 1050 1525 1138 1567; x_wconf 89' lang='lat' dir='ltr'>caeco</span> <span class='ocrx_word' id='word_1_120' title='bbox 1160 1506 1220 1568; x_wconf 89' lang='lat' dir='ltr'>im-</span> 
     </span>
     <span class='ocr_line' id='line_1_16' title="bbox 141 1592 1222 1672; baseline 0.001 -19"><span class='ocrx_word' id='word_1_121' title='bbox 141 1601 211 1672; x_wconf 93' lang='lat' dir='ltr'>petu</span> <span class='ocrx_word' id='word_1_122' title='bbox 240 1594 414 1667; x_wconf 85' lang='lat' dir='ltr'>incurrunt,</span> <span class='ocrx_word' id='word_1_123' title='bbox 444 1594 496 1654; x_wconf 89' lang='lat' dir='ltr'>sed</span> <span class='ocrx_word' id='word_1_124' title='bbox 524 1595 604 1655; x_wconf 89' lang='lat' dir='ltr'>intus</span> <span class='ocrx_word' id='word_1_125' title='bbox 626 1594 713 1654; x_wconf 88' lang='lat' dir='ltr'>etiam</span> <span class='ocrx_word' id='word_1_126' title='bbox 734 1593 766 1653; x_wconf 92' lang='lat' dir='ltr'>in</span> <span class='ocrx_word' id='word_1_127' title='bbox 788 1593 893 1653; x_wconf 91' lang='lat' dir='ltr'>animis</span> <span class='ocrx_word' id='word_1_128' title='bbox 922 1593 1052 1653; x_wconf 90' lang='lat' dir='ltr'>inclusae</span> <span class='ocrx_word' id='word_1_129' title='bbox 1080 1592 1160 1652; x_wconf 90' lang='lat' dir='ltr'>inter</span> <span class='ocrx_word' id='word_1_130' title='bbox 1189 1610 1222 1654; x_wconf 87' lang='lat' dir='ltr'>se</span> 
     </span>
     <span class='ocr_line' id='line_1_17' title="bbox 109 1677 1221 1758; baseline 0.002 -21"><span class='ocrx_word' id='word_1_131' title='bbox 109 1715 112 1725; x_wconf 87' lang='lat'><strong>·</strong></span> <span class='ocrx_word' id='word_1_132' title='bbox 143 1678 285 1739; x_wconf 91' lang='lat' dir='ltr'>dissident</span> <span class='ocrx_word' id='word_1_133' title='bbox 305 1686 393 1758; x_wconf 91' lang='lat' dir='ltr'>atque</span> <span class='ocrx_word' id='word_1_134' title='bbox 415 1679 591 1752; x_wconf 85' lang='lat' dir='ltr'>discordant,</span> <span class='ocrx_word' id='word_1_135' title='bbox 608 1697 644 1739; x_wconf 84' lang='lat' dir='ltr'>ex</span> <span class='ocrx_word' id='word_1_136' title='bbox 667 1678 848 1757; x_wconf 83' lang='lat' dir='ltr'>queritam-</span> <span class='ocrx_word' id='word_1_137' title='bbox 861 1677 1074 1738; x_wconf 91' lang='lat' dir='ltr'>amarissimam</span> <span class='ocrx_word' id='word_1_138' title='bbox 1096 1695 1221 1739; x_wconf 87' lang='lat' dir='ltr'>necesse</span> 
     </span>
     <span class='ocr_line' id='line_1_18' title="bbox 143 1763 1222 1843; baseline 0.001 -20"><span class='ocrx_word' id='word_1_139' title='bbox 143 1771 187 1823; x_wconf 90' lang='lat' dir='ltr'>est</span> <span class='ocrx_word' id='word_1_140' title='bbox 209 1764 300 1843; x_wconf 85' lang='lat' dir='ltr'>effici,</span> <span class='ocrx_word' id='word_1_141' title='bbox 331 1772 364 1825; x_wconf 86' lang='lat' dir='ltr'>ut</span> <span class='ocrx_word' id='word_1_142' title='bbox 385 1765 501 1843; x_wconf 87' lang='lat' dir='ltr'>sapiens</span> <span class='ocrx_word' id='word_1_143' title='bbox 523 1765 636 1836; x_wconf 91' lang='lat' dir='ltr'>solum,</span> <span class='ocrx_word' id='word_1_144' title='bbox 659 1771 806 1842; x_wconf 88' lang='lat' dir='ltr'>amputata</span> <span class='ocrx_word' id='word_1_145' title='bbox 827 1763 1059 1840; x_wconf 90' lang='lat' dir='ltr'>circumcisaque</span> <span class='ocrx_word' id='word_1_146' title='bbox 1079 1763 1222 1824; x_wconf 83' lang='lat' dir='ltr'>inanitate</span> 
     </span>
     <span class='ocr_line' id='line_1_19' title="bbox 143 1847 1224 1926; baseline 0.003 -20"><span class='ocrx_word' id='word_1_147' title='bbox 143 1850 226 1910; x_wconf 93' lang='lat' dir='ltr'>omni</span> <span class='ocrx_word' id='word_1_148' title='bbox 248 1857 277 1909; x_wconf 89' lang='lat' dir='ltr'>et</span> <span class='ocrx_word' id='word_1_149' title='bbox 299 1868 400 1910; x_wconf 91' lang='lat' dir='ltr'>errore</span> <span class='ocrx_word' id='word_1_150' title='bbox 421 1858 543 1910; x_wconf 90' lang='lat' dir='ltr'>naturae</span> <span class='ocrx_word' id='word_1_151' title='bbox 558 1849 667 1909; x_wconf 86' lang='lat' dir='ltr'>finibus</span> <span class='ocrx_word' id='word_1_152' title='bbox 683 1857 839 1909; x_wconf 87' lang='lat' dir='ltr'>contentus</span> <span class='ocrx_word' id='word_1_153' title='bbox 854 1849 918 1908; x_wconf 90' lang='lat' dir='ltr'>sine</span> <span class='ocrx_word' id='word_1_154' title='bbox 931 1847 1112 1926; x_wconf 83' lang='lat' dir='ltr'>aegritudine</span> <span class='ocrx_word' id='word_1_155' title='bbox 1125 1848 1224 1926; x_wconf 90' lang='lat' dir='ltr'>possit</span> 
     </span>
     <span class='ocr_line' id='line_1_20' title="bbox 96 1931 1223 2009; baseline -0.001 -14"><span class='ocrx_word' id='word_1_156' title='bbox 96 1946 129 1996; x_wconf 83' lang='lat'>45</span> <span class='ocrx_word' id='word_1_157' title='bbox 143 1941 172 1993; x_wconf 90' lang='lat' dir='ltr'>et</span> <span class='ocrx_word' id='word_1_158' title='bbox 193 1934 257 1995; x_wconf 91' lang='lat' dir='ltr'>sine</span> <span class='ocrx_word' id='word_1_159' title='bbox 279 1942 360 1996; x_wconf 92' lang='lat' dir='ltr'>metu</span> <span class='ocrx_word' id='word_1_160' title='bbox 381 1935 489 1996; x_wconf 89' lang='lat' dir='ltr'>vivere.</span> <span class='ocrx_word' id='word_1_161' title='bbox 532 1936 614 2009; x_wconf 82' lang='lat' dir='ltr'>Quae</span> <span class='ocrx_word' id='word_1_162' title='bbox 643 1941 688 1994; x_wconf 90' lang='lat' dir='ltr'>est</span> <span class='ocrx_word' id='word_1_163' title='bbox 716 1935 795 1994; x_wconf 89' lang='lat' dir='ltr'>enim</span> <span class='ocrx_word' id='word_1_164' title='bbox 820 1941 870 1993; x_wconf 88' lang='lat' dir='ltr'>aut</span> <span class='ocrx_word' id='word_1_165' title='bbox 891 1933 990 1994; x_wconf 92' lang='lat' dir='ltr'>utilior</span> <span class='ocrx_word' id='word_1_166' title='bbox 1012 1942 1062 1994; x_wconf 90' lang='lat' dir='ltr'>aut</span> <span class='ocrx_word' id='word_1_167' title='bbox 1084 1931 1119 1993; x_wconf 91' lang='lat' dir='ltr'>ad</span> <span class='ocrx_word' id='word_1_168' title='bbox 1143 1931 1223 1994; x_wconf 89' lang='lat' dir='ltr'>bene</span> 
     </span>
     <span class='ocr_line' id='line_1_21' title="bbox 142 2014 1224 2100; baseline 0.001 -22"><span class='ocrx_word' id='word_1_169' title='bbox 142 2019 303 2079; x_wconf 90' lang='lat' dir='ltr'>vivendum</span> <span class='ocrx_word' id='word_1_170' title='bbox 325 2020 420 2099; x_wconf 90' lang='lat' dir='ltr'>aptior</span> <span class='ocrx_word' id='word_1_171' title='bbox 449 2014 564 2100; x_wconf 82' lang='lat' dir='ltr'>partitio</span> <span class='ocrx_word' id='word_1_172' title='bbox 595 2037 684 2098; x_wconf 91' lang='lat' dir='ltr'>quam</span> <span class='ocrx_word' id='word_1_173' title='bbox 713 2019 776 2092; x_wconf 89' lang='lat' dir='ltr'>illa,</span> <span class='ocrx_word' id='word_1_174' title='bbox 806 2036 864 2096; x_wconf 91' lang='lat' dir='ltr'>qua</span> <span class='ocrx_word' id='word_1_175' title='bbox 887 2025 932 2078; x_wconf 91' lang='lat' dir='ltr'>est</span> <span class='ocrx_word' id='word_1_176' title='bbox 953 2036 1026 2078; x_wconf 89' lang='lat' dir='ltr'>usus</span> <span class='ocrx_word' id='word_1_177' title='bbox 1048 2015 1224 2096; x_wconf 79' lang='lat' dir='ltr'>Epicurus?</span> 
     </span>
     <span class='ocr_line' id='line_1_22' title="bbox 143 2102 1225 2182; baseline 0.002 -19"><span class='ocrx_word' id='word_1_178' title='bbox 143 2104 195 2181; x_wconf 92' lang='lat' dir='ltr'>qui</span> <span class='ocrx_word' id='word_1_179' title='bbox 223 2122 318 2164; x_wconf 90' lang='lat' dir='ltr'>unum</span> <span class='ocrx_word' id='word_1_180' title='bbox 348 2122 441 2182; x_wconf 85' lang='lat' dir='ltr'>genus</span> <span class='ocrx_word' id='word_1_181' title='bbox 465 2105 565 2182; x_wconf 88' lang='lat' dir='ltr'>posuit</span> <span class='ocrx_word' id='word_1_182' title='bbox 587 2122 689 2165; x_wconf 87' lang='lat' dir='ltr'>earum</span> <span class='ocrx_word' id='word_1_183' title='bbox 719 2102 927 2182; x_wconf 88' lang='lat' dir='ltr'>cupiditatum,</span> <span class='ocrx_word' id='word_1_184' title='bbox 958 2121 1033 2180; x_wconf 90' lang='lat' dir='ltr'>quae</span> <span class='ocrx_word' id='word_1_185' title='bbox 1062 2111 1165 2164; x_wconf 90' lang='lat' dir='ltr'>essent</span> <span class='ocrx_word' id='word_1_186' title='bbox 1194 2112 1225 2165; x_wconf 87' lang='lat' dir='ltr'>et</span> 
     </span>
     <span class='ocr_line' id='line_1_23' title="bbox 141 2188 1224 2265; baseline 0 -17"><span class='ocrx_word' id='word_1_187' title='bbox 141 2188 288 2249; x_wconf 88' lang='lat' dir='ltr'>naturales</span> <span class='ocrx_word' id='word_1_188' title='bbox 311 2196 339 2249; x_wconf 89' lang='lat' dir='ltr'>et</span> <span class='ocrx_word' id='word_1_189' title='bbox 360 2190 556 2262; x_wconf 90' lang='lat' dir='ltr'>necessariae,</span> <span class='ocrx_word' id='word_1_190' title='bbox 584 2190 724 2260; x_wconf 87' lang='lat' dir='ltr'>alterum,</span> <span class='ocrx_word' id='word_1_191' title='bbox 755 2205 830 2265; x_wconf 87' lang='lat' dir='ltr'>quae</span> <span class='ocrx_word' id='word_1_192' title='bbox 859 2188 1019 2253; x_wconf 57' lang='lat' dir='ltr'>naturales,</span> <span class='ocrx_word' id='word_1_193' title='bbox 1035 2195 1135 2248; x_wconf 88' lang='lat' dir='ltr'>essent</span> <span class='ocrx_word' id='word_1_194' title='bbox 1166 2206 1224 2248; x_wconf 91' lang='lat' dir='ltr'>nec</span> 
     </span>
     <span class='ocr_line' id='line_1_24' title="bbox 141 2273 1223 2352; baseline 0.003 -21"><span class='ocrx_word' id='word_1_195' title='bbox 141 2281 240 2332; x_wconf 85' lang='lat' dir='ltr'>tamen</span> <span class='ocrx_word' id='word_1_196' title='bbox 259 2273 447 2346; x_wconf 89' lang='lat' dir='ltr'>necessariae,</span> <span class='ocrx_word' id='word_1_197' title='bbox 463 2275 592 2346; x_wconf 90' lang='lat' dir='ltr'>tertium,</span> <span class='ocrx_word' id='word_1_198' title='bbox 609 2292 684 2352; x_wconf 90' lang='lat' dir='ltr'>quae</span> <span class='ocrx_word' id='word_1_199' title='bbox 706 2291 761 2333; x_wconf 90' lang='lat' dir='ltr'>nec</span> <span class='ocrx_word' id='word_1_200' title='bbox 776 2273 922 2334; x_wconf 89' lang='lat' dir='ltr'>naturales</span> <span class='ocrx_word' id='word_1_201' title='bbox 943 2291 1000 2333; x_wconf 88' lang='lat' dir='ltr'>nec</span> <span class='ocrx_word' id='word_1_202' title='bbox 1021 2274 1223 2334; x_wconf 86' lang='lat' dir='ltr'>necessariae:</span> 
     </span>
     <span class='ocr_line' id='line_1_25' title="bbox 144 2358 1224 2437; baseline 0.002 -21"><span class='ocrx_word' id='word_1_203' title='bbox 144 2374 271 2434; x_wconf 86' lang='lat' dir='ltr'>quarum</span> <span class='ocrx_word' id='word_1_204' title='bbox 302 2377 334 2418; x_wconf 89' lang='lat' dir='ltr'>ea</span> <span class='ocrx_word' id='word_1_205' title='bbox 363 2359 436 2419; x_wconf 91' lang='lat' dir='ltr'>ratio</span> <span class='ocrx_word' id='word_1_206' title='bbox 468 2367 526 2432; x_wconf 90' lang='lat' dir='ltr'>est,</span> <span class='ocrx_word' id='word_1_207' title='bbox 556 2366 589 2419; x_wconf 93' lang='lat' dir='ltr'>ut</span> <span class='ocrx_word' id='word_1_208' title='bbox 620 2358 800 2418; x_wconf 89' lang='lat' dir='ltr'>necessariae</span> <span class='ocrx_word' id='word_1_209' title='bbox 831 2376 886 2418; x_wconf 90' lang='lat' dir='ltr'>nec</span> <span class='ocrx_word' id='word_1_210' title='bbox 917 2377 1008 2437; x_wconf 91' lang='lat' dir='ltr'>opera</span> <span class='ocrx_word' id='word_1_211' title='bbox 1043 2358 1134 2418; x_wconf 89' lang='lat' dir='ltr'>multa</span> <span class='ocrx_word' id='word_1_212' title='bbox 1166 2377 1224 2419; x_wconf 91' lang='lat' dir='ltr'>nec</span> 
     </span>
     <span class='ocr_line' id='line_1_26' title="bbox 96 2441 1223 2522; baseline -0.001 -17"><span class='ocrx_word' id='word_1_213' title='bbox 96 2455 130 2505; x_wconf 78' lang='grc'>46</span> <span class='ocrx_word' id='word_1_214' title='bbox 143 2441 277 2521; x_wconf 88' lang='lat' dir='ltr'>impensa</span> <span class='ocrx_word' id='word_1_215' title='bbox 307 2443 494 2522; x_wconf 82' lang='lat' dir='ltr'>expleantur3</span> <span class='ocrx_word' id='word_1_216' title='bbox 526 2462 563 2504; x_wconf 91' lang='lat' dir='ltr'>ne</span> <span class='ocrx_word' id='word_1_217' title='bbox 595 2443 743 2504; x_wconf 86' lang='lat' dir='ltr'>naturales</span> <span class='ocrx_word' id='word_1_218' title='bbox 773 2442 893 2521; x_wconf 88' lang='lat' dir='ltr'>quidem</span> <span class='ocrx_word' id='word_1_219' title='bbox 924 2443 1015 2504; x_wconf 90' lang='lat' dir='ltr'>multa</span> <span class='ocrx_word' id='word_1_220' title='bbox 1043 2443 1223 2517; x_wconf 87' lang='lat' dir='ltr'>desiderant,</span> 
     </span>
    </p>
   </div>
   <div class='ocr_carea' id='block_1_3' title="bbox 143 2583 1225 2932">
    <p class='ocr_par' dir='ltr' id='par_1_3' title="bbox 143 2583 1225 2932">
     <span class='ocr_line' id='line_1_27' title="bbox 143 2583 1223 2652; baseline 0.001 -17"><span class='ocrx_word' id='word_1_221' title='bbox 143 2591 181 2648; x_wconf 89' lang='lat' dir='ltr'>te,</span> <span class='ocrx_word' id='word_1_222' title='bbox 201 2584 298 2648; x_wconf 92' lang='lat' dir='ltr'>Vellei,</span> <span class='ocrx_word' id='word_1_223' title='bbox 322 2585 427 2636; x_wconf 90' lang='lat' dir='ltr'>similem</span> <span class='ocrx_word' id='word_1_224' title='bbox 444 2599 500 2636; x_wconf 84' lang='lat' dir='ltr'>esso</span> <span class='ocrx_word' id='word_1_225' title='bbox 517 2584 655 2652; x_wconf 88' lang='lat' dir='ltr'>Epicureo-</span> <span class='ocrx_word' id='word_1_226' title='bbox 740 2584 1022 2649; x_wconf 70' lang='lat' dir='ltr'>45.partoto]vgl.11‚</span> <span class='ocrx_word' id='word_1_227' title='bbox 1041 2588 1066 2649; x_wconf 86' lang='grc'>9,</span> <span class='ocrx_word' id='word_1_228' title='bbox 1085 2587 1126 2637; x_wconf 85' lang='grc'>26.</span> <span class='ocrx_word' id='word_1_229' title='bbox 1150 2583 1223 2651; x_wconf 84' lang='lat' dir='ltr'>Epic.</span> 
     </span>
     <span class='ocr_line' id='line_1_28' title="bbox 143 2647 1224 2726; baseline 0.004 -23"><span class='ocrx_word' id='word_1_230' title='bbox 143 2669 197 2703; x_wconf 90' lang='lat' dir='ltr'>rum</span> <span class='ocrx_word' id='word_1_231' title='bbox 217 2653 382 2719; x_wconf 87' lang='lat' dir='ltr'>reliquorum,</span> <span class='ocrx_word' id='word_1_232' title='bbox 406 2669 467 2720; x_wconf 90' lang='lat' dir='ltr'>quos</span> <span class='ocrx_word' id='word_1_233' title='bbox 490 2670 539 2703; x_wconf 90' lang='lat' dir='ltr'>non</span> <span class='ocrx_word' id='word_1_234' title='bbox 562 2655 655 2722; x_wconf 82' lang='lat' dir='ltr'>pudent</span> <span class='ocrx_word' id='word_1_235' title='bbox 705 2647 763 2726; x_wconf 82' lang='grc' dir='ltr'>κύρ.</span> <span class='ocrx_word' id='word_1_236' title='bbox 777 2648 832 2713; x_wconf 72' lang='lat' dir='ltr'>ott.</span> <span class='ocrx_word' id='word_1_237' title='bbox 849 2656 888 2707; x_wconf 89' lang='lat'>30.</span> <span class='ocrx_word' id='word_1_238' title='bbox 906 2652 978 2718; x_wconf 75' lang='lat' dir='ltr'>Diog.</span> <span class='ocrx_word' id='word_1_239' title='bbox 992 2653 1020 2704; x_wconf 71' lang='lat' dir='ltr'>E</span> <span class='ocrx_word' id='word_1_240' title='bbox 1032 2653 1066 2716; x_wconf 88' lang='grc' dir='ltr'>Χ,</span> <span class='ocrx_word' id='word_1_241' title='bbox 1084 2655 1146 2707; x_wconf 82' lang='lat'>149:</span> <span class='ocrx_word' id='word_1_242' title='bbox 1165 2656 1224 2707; x_wconf 80' lang='grc' dir='ltr'>τῶν</span> 
     </span>
     <span class='ocr_line' id='line_1_29' title="bbox 144 2721 1224 2794; baseline 0.003 -23"><span class='ocrx_word' id='word_1_243' title='bbox 144 2728 191 2772; x_wconf 90' lang='lat' dir='ltr'>cet.</span> <span class='ocrx_word' id='word_1_244' title='bbox 221 2721 321 2788; x_wconf 84' lang='lat' dir='ltr'>Epicur.</span> <span class='ocrx_word' id='word_1_245' title='bbox 341 2724 372 2772; x_wconf 89' lang='lat' dir='ltr'>ad</span> <span class='ocrx_word' id='word_1_246' title='bbox 390 2723 455 2774; x_wconf 88' lang='lat' dir='ltr'>Men.</span> <span class='ocrx_word' id='word_1_247' title='bbox 481 2722 553 2787; x_wconf 67' lang='lat' dir='ltr'>Dios.</span> <span class='ocrx_word' id='word_1_248' title='bbox 572 2723 600 2774; x_wconf 91' lang='lat' dir='ltr'>L.</span> <span class='ocrx_word' id='word_1_249' title='bbox 619 2723 654 2786; x_wconf 85' lang='lat' dir='ltr'>X,</span> <span class='ocrx_word' id='word_1_250' title='bbox 706 2721 869 2793; x_wconf 75' lang='grc' dir='ltr'>ἐπιθυμιῶν</span> <span class='ocrx_word' id='word_1_251' title='bbox 895 2723 926 2774; x_wconf 79' lang='grc' dir='ltr'>αἱ</span> <span class='ocrx_word' id='word_1_252' title='bbox 947 2724 1000 2794; x_wconf 81' lang='grc' dir='ltr'>μέν</span> <span class='ocrx_word' id='word_1_253' title='bbox 1025 2724 1079 2774; x_wconf 74' lang='grc' dir='ltr'><strong><em>εἰσι</em></strong></span> <span class='ocrx_word' id='word_1_254' title='bbox 1102 2724 1224 2792; x_wconf 79' lang='grc' dir='ltr'><strong><em>φυσικαὶ</em></strong></span> 
     </span>
     <span class='ocr_line' id='line_1_30' title="bbox 147 2787 1224 2862; baseline 0.001 -20"><span class='ocrx_word' id='word_1_255' title='bbox 147 2793 209 2843; x_wconf 83' lang='lat'><strong>131:</strong></span> <span class='ocrx_word' id='word_1_256' title='bbox 234 2790 304 2844; x_wconf 85' lang='grc' dir='ltr'><strong><em>ὅταν</em></strong></span> <span class='ocrx_word' id='word_1_257' title='bbox 328 2787 379 2845; x_wconf 79' lang='grc' dir='ltr'>οὖν</span> <span class='ocrx_word' id='word_1_258' title='bbox 402 2791 527 2862; x_wconf 77' lang='grc' dir='ltr'><strong><em>λέγωμεν</em></strong></span> <span class='ocrx_word' id='word_1_259' title='bbox 550 2788 655 2858; x_wconf 76' lang='grc' dir='ltr'><strong><em>ἡδονὴν</em></strong></span> <span class='ocrx_word' id='word_1_260' title='bbox 706 2793 753 2842; x_wconf 82' lang='grc' dir='ltr'>καὶ</span> <span class='ocrx_word' id='word_1_261' title='bbox 771 2789 931 2859; x_wconf 83' lang='grc' dir='ltr'><strong><em>ἀναγκαῖαι,</em></strong></span> <span class='ocrx_word' id='word_1_262' title='bbox 950 2793 981 2843; x_wconf 76' lang='grc' dir='ltr'>αἱ</span> <span class='ocrx_word' id='word_1_263' title='bbox 996 2790 1028 2844; x_wconf 79' lang='grc' dir='ltr'>δὲ</span> <span class='ocrx_word' id='word_1_264' title='bbox 1042 2792 1161 2860; x_wconf 79' lang='grc' dir='ltr'><strong><em>φυσικαὶ</em></strong></span> <span class='ocrx_word' id='word_1_265' title='bbox 1174 2794 1224 2843; x_wconf 76' lang='grc' dir='ltr'>καὶ</span> 
     </span>
     <span class='ocr_line' id='line_1_31' title="bbox 144 2854 1225 2932; baseline 0.003 -23"><span class='ocrx_word' id='word_1_266' title='bbox 144 2859 221 2916; x_wconf 79' lang='grc' dir='ltr'><strong><em>ιέλος</em></strong></span> <span class='ocrx_word' id='word_1_267' title='bbox 237 2854 380 2932; x_wconf 78' lang='grc' dir='ltr'><em>ὑπάρχειν,</em></span> <span class='ocrx_word' id='word_1_268' title='bbox 398 2855 431 2913; x_wconf 79' lang='grc' dir='ltr'>οὐ</span> <span class='ocrx_word' id='word_1_269' title='bbox 446 2863 496 2918; x_wconf 81' lang='grc' dir='ltr'>τὰς</span> <span class='ocrx_word' id='word_1_270' title='bbox 512 2862 567 2913; x_wconf 80' lang='grc' dir='ltr'>τῶν</span> <span class='ocrx_word' id='word_1_271' title='bbox 585 2855 656 2913; x_wconf 71' lang='lat' dir='ltr'>doci·</span> <span class='ocrx_word' id='word_1_272' title='bbox 707 2858 757 2912; x_wconf 80' lang='grc' dir='ltr'>οὐκ</span> <span class='ocrx_word' id='word_1_273' title='bbox 775 2856 935 2928; x_wconf 81' lang='grc' dir='ltr'><strong><em>ἀναγκαῖαι,</em></strong></span> <span class='ocrx_word' id='word_1_274' title='bbox 955 2861 987 2912; x_wconf 79' lang='grc' dir='ltr'>αἱ</span> <span class='ocrx_word' id='word_1_275' title='bbox 1002 2859 1035 2912; x_wconf 72' lang='grc' dir='ltr'>δὲ</span> <span class='ocrx_word' id='word_1_276' title='bbox 1053 2854 1117 2912; x_wconf 76' lang='grc' dir='ltr'><strong><em>οὔτε</em></strong></span> <span class='ocrx_word' id='word_1_277' title='bbox 1134 2874 1225 2928; x_wconf 82' lang='grc' dir='ltr'><strong><em>φυσι-</em></strong></span> 
     </span>
    </p>
   </div>
   <div class='ocr_carea' id='block_1_4' title="bbox 1212 2927 1220 2944">
    <p class='ocr_par' dir='ltr' id='par_1_4' title="bbox 1212 2927 1220 2944">
     <span class='ocr_line' id='line_1_32' title="bbox 1212 2927 1220 2944; baseline 0 0"><span class='ocrx_word' id='word_1_278' title='bbox 1212 2927 1220 2944; x_wconf 61' lang='grc' dir='ltr'>ἱ</span> 
     </span>
    </p>
   </div>
   <div class='ocr_carea' id='block_1_5' title="bbox 143 2922 1225 3834">
    <p class='ocr_par' dir='ltr' id='par_1_5' title="bbox 143 2922 1225 3411">
     <span class='ocr_line' id='line_1_33' title="bbox 144 2922 1186 2995; baseline 0.002 -17"><span class='ocrx_word' id='word_1_279' title='bbox 144 2945 200 2979; x_wconf 81' lang='grc' dir='ltr'>των</span> <span class='ocrx_word' id='word_1_280' title='bbox 213 2925 317 2992; x_wconf 79' lang='grc' dir='ltr'><strong><em>ἡδονὰς</em></strong></span> <span class='ocrx_word' id='word_1_281' title='bbox 332 2931 379 2980; x_wconf 81' lang='grc' dir='ltr'>καὶ</span> <span class='ocrx_word' id='word_1_282' title='bbox 396 2925 446 2989; x_wconf 82' lang='grc' dir='ltr'>τὰς</span> <span class='ocrx_word' id='word_1_283' title='bbox 459 2926 489 2982; x_wconf 78' lang='grc' dir='ltr'>ἔν</span> <span class='ocrx_word' id='word_1_284' title='bbox 502 2923 656 2984; x_wconf 76' lang='grc' dir='ltr'><strong><em>ἀπολαύσει</em></strong></span> <span class='ocrx_word' id='word_1_285' title='bbox 706 2931 754 2981; x_wconf 81' lang='grc' dir='ltr'>καὶ</span> <span class='ocrx_word' id='word_1_286' title='bbox 774 2924 837 2982; x_wconf 74' lang='lat' dir='ltr'>odra</span> <span class='ocrx_word' id='word_1_287' title='bbox 856 2924 1008 2995; x_wconf 84' lang='grc' dir='ltr'><strong><em>ἀναγκαῖαι</em></strong></span> <span class='ocrx_word' id='word_1_288' title='bbox 1014 2922 1115 2994; x_wconf 64' lang='grc' dir='ltr'><strong><em>,ζάλλά</em></strong></span> <span class='ocrx_word' id='word_1_289' title='bbox 1140 2945 1186 2980; x_wconf 86' lang='grc' dir='ltr'>πα</span> 
     </span>
     <span class='ocr_line' id='line_1_34' title="bbox 144 2946 1223 3067; baseline 0.002 -21"><span class='ocrx_word' id='word_1_290' title='bbox 144 2997 273 3063; x_wconf 78' lang='grc' dir='ltr'>κειμένας</span> <span class='ocrx_word' id='word_1_291' title='bbox 296 2997 428 3065; x_wconf 80' lang='grc' dir='ltr'><strong><em>λέγομεν,</em></strong></span> <span class='ocrx_word' id='word_1_292' title='bbox 457 2993 494 3056; x_wconf 77' lang='grc' dir='ltr'>ὥς</span> <span class='ocrx_word' id='word_1_293' title='bbox 511 3015 584 3058; x_wconf 81' lang='grc' dir='ltr'><strong><em>τινες</em></strong></span> <span class='ocrx_word' id='word_1_294' title='bbox 603 2994 656 3067; x_wconf 84' lang='grc' dir='ltr'>ἀγ·</span> <span class='ocrx_word' id='word_1_295' title='bbox 707 2995 789 3062; x_wconf 80' lang='grc' dir='ltr'><strong><em>κενὴν</em></strong></span> <span class='ocrx_word' id='word_1_296' title='bbox 806 2993 892 3057; x_wconf 72' lang='grc' dir='ltr'><strong><em>δόξαν</em></strong></span> <span class='ocrx_word' id='word_1_297' title='bbox 911 2992 974 3064; x_wconf 90' lang='grc' dir='ltr'><strong><em>γινό</em></strong></span> <span class='ocrx_word' id='word_1_298' title='bbox 1011 3015 1066 3050; x_wconf 89' lang='grc' dir='ltr'><strong><em>ναι.</em></strong></span> <span class='ocrx_word' id='word_1_299' title='bbox 1095 2946 1223 3060; x_wconf 39' lang='lat' dir='ltr'>usai}</span> 
     </span>
     <span class='ocr_line' id='line_1_35' title="bbox 144 3060 1224 3135; baseline 0.001 -20"><span class='ocrx_word' id='word_1_300' title='bbox 144 3067 273 3124; x_wconf 81' lang='grc' dir='ltr'><strong><em>νοοῦντες</em></strong></span> <span class='ocrx_word' id='word_1_301' title='bbox 297 3066 344 3115; x_wconf 82' lang='grc' dir='ltr'>καὶ</span> <span class='ocrx_word' id='word_1_302' title='bbox 372 3063 423 3131; x_wconf 83' lang='grc' dir='ltr'>οὐχ</span> <span class='ocrx_word' id='word_1_303' title='bbox 454 3060 658 3135; x_wconf 82' lang='grc' dir='ltr'><strong><em>ὁμολογοῦντες</em></strong></span> <span class='ocrx_word' id='word_1_304' title='bbox 708 3068 749 3129; x_wconf 85' lang='grc'>33,</span> <span class='ocrx_word' id='word_1_305' title='bbox 770 3068 810 3118; x_wconf 86' lang='grc'>93.</span> <span class='ocrx_word' id='word_1_306' title='bbox 845 3065 940 3131; x_wconf 80' lang='lat' dir='ltr'>Epicur</span> <span class='ocrx_word' id='word_1_307' title='bbox 961 3072 973 3114; x_wconf 85' lang='lat' dir='ltr'>t</span> <span class='ocrx_word' id='word_1_308' title='bbox 992 3065 1039 3116; x_wconf 88' lang='lat' dir='ltr'>eilt</span> <span class='ocrx_word' id='word_1_309' title='bbox 1061 3066 1122 3116; x_wconf 86' lang='lat' dir='ltr'>abor</span> <span class='ocrx_word' id='word_1_310' title='bbox 1148 3065 1224 3119; x_wconf 88' lang='lat' dir='ltr'>nicbt</span> 
     </span>
     <span class='ocr_line' id='line_1_36' title="bbox 143 3127 1224 3267; baseline 0.005 -15"><span class='ocrx_word' id='word_1_311' title='bbox 143 3128 270 3253; x_wconf 52' lang='lat' dir='ltr'>trare</span> <span class='ocrx_word' id='word_1_312' title='bbox 298 3127 657 3267; x_wconf 58' lang='lat' dir='ltr'>‘triplicetur</span> <span class='ocrx_word' id='word_1_313' title='bbox 684 3132 1224 3262; x_wconf 56' lang='lat' dir='ltr'>utrtttttlttut’tt&#39;ab</span> 
     </span>
     <span class='ocr_line' id='line_1_37' title="bbox 143 3220 1224 3343; baseline 0.005 -23"><span class='ocrx_word' id='word_1_314' title='bbox 143 3264 214 3340; x_wconf 81' lang='grc' dir='ltr'><strong><em>μήτε</em></strong></span> <span class='ocrx_word' id='word_1_315' title='bbox 231 3220 485 3342; x_wconf 58' lang='lat' dir='ltr'>scabrescentis</span> <span class='ocrx_word' id='word_1_316' title='bbox 503 3223 637 3339; x_wconf 77' lang='grc' dir='ltr'>ψυχήν.μ</span> <span class='ocrx_word' id='word_1_317' title='bbox 707 3272 822 3342; x_wconf 75' lang='grc' dir='ltr'><strong><em>θυμιῶν</em></strong></span> <span class='ocrx_word' id='word_1_318' title='bbox 840 3271 872 3322; x_wconf 80' lang='grc' dir='ltr'>αἱ</span> <span class='ocrx_word' id='word_1_319' title='bbox 888 3221 941 3343; x_wconf 52' lang='lat' dir='ltr'>{ido</span> <span class='ocrx_word' id='word_1_320' title='bbox 961 3273 1015 3324; x_wconf 75' lang='grc' dir='ltr'><strong><em>εἰσι</em></strong></span> <span class='ocrx_word' id='word_1_321' title='bbox 1033 3273 1166 3342; x_wconf 77' lang='grc' dir='ltr'><strong><em>φυσικαὶ,</em></strong></span> <span class='ocrx_word' id='word_1_322' title='bbox 1191 3274 1224 3325; x_wconf 76' lang='grc' dir='ltr'>αἱ</span> 
     </span>
     <span class='ocr_line' id='line_1_38' title="bbox 174 3338 1225 3411; baseline 0.001 -20"><span class='ocrx_word' id='word_1_323' title='bbox 174 3340 312 3402; x_wconf 66' lang='lat' dir='ltr'>prebeatur]</span> <span class='ocrx_word' id='word_1_324' title='bbox 329 3339 448 3389; x_wconf 86' lang='lat' dir='ltr'>homiues.</span> <span class='ocrx_word' id='word_1_325' title='bbox 708 3338 740 3392; x_wconf 77' lang='grc' dir='ltr'>δὲ</span> <span class='ocrx_word' id='word_1_326' title='bbox 762 3344 854 3392; x_wconf 81' lang='grc' dir='ltr'><strong><em>κεναί·</em></strong></span> <span class='ocrx_word' id='word_1_327' title='bbox 880 3342 929 3392; x_wconf 74' lang='grc' dir='ltr'>καὶ</span> <span class='ocrx_word' id='word_1_328' title='bbox 951 3341 1006 3392; x_wconf 84' lang='grc' dir='ltr'>τῶν</span> <span class='ocrx_word' id='word_1_329' title='bbox 1033 3341 1160 3411; x_wconf 80' lang='grc' dir='ltr'><strong><em>φυσικῶν</em></strong></span> <span class='ocrx_word' id='word_1_330' title='bbox 1192 3342 1225 3394; x_wconf 75' lang='grc' dir='ltr'>αἱ</span> 
     </span>
    </p>

    <p class='ocr_par' dir='ltr' id='par_1_6' title="bbox 144 3404 1224 3549">
     <span class='ocr_line' id='line_1_39' title="bbox 178 3404 1224 3480; baseline 0.005 -22"><span class='ocrx_word' id='word_1_331' title='bbox 178 3424 227 3470; x_wconf 81' lang='lat' dir='ltr'>qua</span> <span class='ocrx_word' id='word_1_332' title='bbox 245 3409 412 3471; x_wconf 73' lang='lat' dir='ltr'>praeceptrice]</span> <span class='ocrx_word' id='word_1_333' title='bbox 429 3430 465 3451; x_wconf 88' lang='lat'>=</span> <span class='ocrx_word' id='word_1_334' title='bbox 487 3419 509 3460; x_wconf 81' lang='lat' dir='ltr'>et</span> <span class='ocrx_word' id='word_1_335' title='bbox 531 3426 572 3473; x_wconf 80' lang='grc' dir='ltr'><strong><em>ιιι,</em></strong></span> <span class='ocrx_word' id='word_1_336' title='bbox 597 3410 655 3461; x_wconf 89' lang='lat' dir='ltr'>des·</span> <span class='ocrx_word' id='word_1_337' title='bbox 706 3407 760 3477; x_wconf 77' lang='grc' dir='ltr'>μὲν</span> <span class='ocrx_word' id='word_1_338' title='bbox 774 3404 934 3476; x_wconf 77' lang='grc' dir='ltr'><strong><em>ἀναγκαῖαι,</em></strong></span> <span class='ocrx_word' id='word_1_339' title='bbox 946 3407 1020 3462; x_wconf 72' lang='grc' dir='ltr'>αἰδὲ</span> <span class='ocrx_word' id='word_1_340' title='bbox 1034 3411 1151 3480; x_wconf 77' lang='grc' dir='ltr'><strong><em>φυσικαὶ</em></strong></span> <span class='ocrx_word' id='word_1_341' title='bbox 1166 3404 1224 3478; x_wconf 86' lang='grc' dir='ltr'>μό·</span> 
     </span>
     <span class='ocr_line' id='line_1_40' title="bbox 144 3473 1224 3549; baseline 0.008 -25"><span class='ocrx_word' id='word_1_342' title='bbox 144 3475 204 3524; x_wconf 87' lang='lat' dir='ltr'>balb</span> <span class='ocrx_word' id='word_1_343' title='bbox 222 3476 267 3526; x_wconf 85' lang='lat' dir='ltr'>dor</span> <span class='ocrx_word' id='word_1_344' title='bbox 284 3476 358 3527; x_wconf 89' lang='lat' dir='ltr'>Indic.</span> <span class='ocrx_word' id='word_1_345' title='bbox 371 3487 457 3539; x_wconf 76' lang='lat' dir='ltr'>potest.</span> <span class='ocrx_word' id='word_1_346' title='bbox 706 3494 764 3530; x_wconf 90' lang='grc' dir='ltr'>νον.</span> <span class='ocrx_word' id='word_1_347' title='bbox 794 3479 851 3531; x_wconf 76' lang='grc' dir='ltr'>τῶν</span> <span class='ocrx_word' id='word_1_348' title='bbox 878 3477 910 3531; x_wconf 73' lang='grc' dir='ltr'>δὲ</span> <span class='ocrx_word' id='word_1_349' title='bbox 927 3473 1089 3546; x_wconf 78' lang='grc' dir='ltr'><strong><em>ἀναγκαίων</em></strong></span> <span class='ocrx_word' id='word_1_350' title='bbox 1112 3480 1144 3530; x_wconf 80' lang='grc' dir='ltr'>αἱ</span> <span class='ocrx_word' id='word_1_351' title='bbox 1166 3479 1224 3549; x_wconf 66' lang='grc' dir='ltr'>μὲν</span> 
     </span>
    </p>

    <p class='ocr_par' dir='ltr' id='par_1_7' title="bbox 145 3541 1225 3834">
     <span class='ocr_line' id='line_1_41' title="bbox 179 3541 1225 3617; baseline 0.003 -20"><span class='ocrx_word' id='word_1_352' title='bbox 179 3546 220 3597; x_wconf 89' lang='grc'>44.</span> <span class='ocrx_word' id='word_1_353' title='bbox 243 3548 298 3595; x_wconf 64' lang='lat' dir='ltr'>odeo</span> <span class='ocrx_word' id='word_1_354' title='bbox 318 3547 374 3608; x_wconf 79' lang='lat' dir='ltr'>cet]</span> <span class='ocrx_word' id='word_1_355' title='bbox 391 3545 460 3612; x_wconf 90' lang='lat' dir='ltr'>Epic.</span> <span class='ocrx_word' id='word_1_356' title='bbox 479 3545 519 3596; x_wconf 88' lang='lat' dir='ltr'>bei</span> <span class='ocrx_word' id='word_1_357' title='bbox 535 3545 607 3611; x_wconf 65' lang='grc' dir='ltr'>Βίας.</span> <span class='ocrx_word' id='word_1_358' title='bbox 625 3547 654 3598; x_wconf 85' lang='lat' dir='ltr'>L.</span> <span class='ocrx_word' id='word_1_359' title='bbox 706 3543 777 3617; x_wconf 82' lang='grc' dir='ltr'><strong><em>πρὸς</em></strong></span> <span class='ocrx_word' id='word_1_360' title='bbox 811 3541 997 3616; x_wconf 78' lang='grc' dir='ltr'><strong><em>εὐδαιμονίαν</em></strong></span> <span class='ocrx_word' id='word_1_361' title='bbox 1028 3547 1098 3600; x_wconf 75' lang='grc' dir='ltr'><strong><em>εἰσὶν</em></strong></span> <span class='ocrx_word' id='word_1_362' title='bbox 1131 3541 1225 3617; x_wconf 83' lang='grc' dir='ltr'><strong><em>ἀναγ-</em></strong></span> 
     </span>
     <span class='ocr_line' id='line_1_42' title="bbox 145 3607 1224 3689; baseline 0.006 -27"><span class='ocrx_word' id='word_1_363' title='bbox 145 3612 179 3676; x_wconf 72' lang='lat' dir='ltr'>X,</span> <span class='ocrx_word' id='word_1_364' title='bbox 199 3614 261 3665; x_wconf 74' lang='lat'><strong>117:</strong></span> <span class='ocrx_word' id='word_1_365' title='bbox 281 3608 385 3679; x_wconf 77' lang='grc' dir='ltr'><strong><em>βλάβας</em></strong></span> <span class='ocrx_word' id='word_1_366' title='bbox 406 3615 436 3674; x_wconf 73' lang='grc' dir='ltr'>ἐξ</span> <span class='ocrx_word' id='word_1_367' title='bbox 455 3607 612 3686; x_wconf 69' lang='grc' dir='ltr'><strong><em>ἀνθρώπων</em></strong></span> <span class='ocrx_word' id='word_1_368' title='bbox 637 3612 655 3680; x_wconf 82' lang='grc' dir='ltr'><em>ἢ</em></span> <span class='ocrx_word' id='word_1_369' title='bbox 705 3620 791 3678; x_wconf 85' lang='grc' dir='ltr'><strong><em>καῖαι,</em></strong></span> <span class='ocrx_word' id='word_1_370' title='bbox 812 3618 844 3669; x_wconf 81' lang='grc' dir='ltr'>αἱ</span> <span class='ocrx_word' id='word_1_371' title='bbox 862 3616 895 3669; x_wconf 72' lang='grc' dir='ltr'>δὲ</span> <span class='ocrx_word' id='word_1_372' title='bbox 913 3613 985 3689; x_wconf 84' lang='grc' dir='ltr'><em>πρὸς</em></span> <span class='ocrx_word' id='word_1_373' title='bbox 998 3611 1048 3681; x_wconf 81' lang='grc' dir='ltr'>τὴν</span> <span class='ocrx_word' id='word_1_374' title='bbox 1060 3617 1112 3668; x_wconf 85' lang='grc' dir='ltr'>τοῦ</span> <span class='ocrx_word' id='word_1_375' title='bbox 1123 3609 1224 3686; x_wconf 73' lang='grc' dir='ltr'><strong><em>σώμα-</em></strong></span> 
     </span>
     <span class='ocr_line' id='line_1_43' title="bbox 147 3678 1222 3755; baseline 0.006 -23"><span class='ocrx_word' id='word_1_376' title='bbox 147 3680 193 3733; x_wconf 80' lang='grc' dir='ltr'><strong><em>ι1ιὰ</em></strong></span> <span class='ocrx_word' id='word_1_377' title='bbox 217 3684 300 3750; x_wconf 82' lang='grc' dir='ltr'><strong><em>μῖσος</em></strong></span> <span class='ocrx_word' id='word_1_378' title='bbox 321 3678 340 3747; x_wconf 83' lang='grc' dir='ltr'><em>ἢ</em></span> <span class='ocrx_word' id='word_1_379' title='bbox 361 3680 409 3734; x_wconf 79' lang='grc' dir='ltr'><strong><em>διὰ</em></strong></span> <span class='ocrx_word' id='word_1_380' title='bbox 434 3680 582 3754; x_wconf 69' lang='grc' dir='ltr'><strong><em>φθόνονῆ</em></strong></span> <span class='ocrx_word' id='word_1_381' title='bbox 606 3682 653 3736; x_wconf 76' lang='grc' dir='ltr'>διὰ</span> <span class='ocrx_word' id='word_1_382' title='bbox 705 3702 754 3742; x_wconf 84' lang='grc' dir='ltr'>τος</span> <span class='ocrx_word' id='word_1_383' title='bbox 771 3680 939 3752; x_wconf 81' lang='grc' dir='ltr'><strong><em>ἀοχλησίαν,</em></strong></span> <span class='ocrx_word' id='word_1_384' title='bbox 964 3685 994 3736; x_wconf 74' lang='grc' dir='ltr'>αἱ</span> <span class='ocrx_word' id='word_1_385' title='bbox 1011 3682 1043 3737; x_wconf 83' lang='grc' dir='ltr'>δὲ</span> <span class='ocrx_word' id='word_1_386' title='bbox 1060 3681 1131 3755; x_wconf 81' lang='grc' dir='ltr'><em>πρὸς</em></span> <span class='ocrx_word' id='word_1_387' title='bbox 1147 3679 1222 3738; x_wconf 74' lang='grc' dir='ltr'><strong><em>αὐτὸ</em></strong></span> 
     </span>
     <span class='ocr_line' id='line_1_44' title="bbox 155 3738 810 3834; baseline 0.005 -33"><span class='ocrx_word' id='word_1_388' title='bbox 155 3745 350 3834; x_wconf 69' lang='grc' dir='ltr'><strong><em>ἀταφρόνηριν</em></strong></span> <span class='ocrx_word' id='word_1_389' title='bbox 370 3756 516 3818; x_wconf 76' lang='grc' dir='ltr'><strong><em>γίνεσθαι,</em></strong></span> <span class='ocrx_word' id='word_1_390' title='bbox 540 3738 579 3807; x_wconf 80' lang='grc' dir='ltr'>ὧν</span> <span class='ocrx_word' id='word_1_391' title='bbox 605 3751 656 3806; x_wconf 84' lang='grc' dir='ltr'>τὸν</span> <span class='ocrx_word' id='word_1_392' title='bbox 705 3748 738 3804; x_wconf 86' lang='grc' dir='ltr'>τὸ</span> <span class='ocrx_word' id='word_1_393' title='bbox 756 3753 810 3818; x_wconf 78' lang='grc' dir='ltr'>ζῆν.</span> 
     </span>
    </p>
   </div>
   <div class='ocr_carea' id='block_1_6' title="bbox 151 3820 1224 3948">
    <p class='ocr_par' dir='ltr' id='par_1_8' title="bbox 151 3820 1224 3948">
     <span class='ocr_line' id='line_1_45' title="bbox 151 3820 1223 3890; baseline 0.006 -21"><span class='ocrx_word' id='word_1_394' title='bbox 151 3837 236 3889; x_wconf 82' lang='grc' dir='ltr'><strong><em>..ιφον</em></strong></span> <span class='ocrx_word' id='word_1_395' title='bbox 253 3820 378 3890; x_wconf 76' lang='grc' dir='ltr'><strong><em>λογισμῷ</em></strong></span> <span class='ocrx_word' id='word_1_396' title='bbox 395 3825 597 3888; x_wconf 72' lang='grc' dir='ltr'><strong><em>περιγίνεσθαι.</em></strong></span> <span class='ocrx_word' id='word_1_397' title='bbox 740 3824 781 3874; x_wconf 89' lang='grc'>46.</span> <span class='ocrx_word' id='word_1_398' title='bbox 805 3837 836 3872; x_wconf 81' lang='lat' dir='ltr'>m</span> <span class='ocrx_word' id='word_1_399' title='bbox 858 3826 980 3873; x_wconf 72' lang='grc' dir='ltr'><strong><em>ιιιιιιιοίιι</em></strong></span> <span class='ocrx_word' id='word_1_400' title='bbox 1002 3823 1104 3886; x_wconf 56' lang='lat' dir='ltr'>quum]</span> <span class='ocrx_word' id='word_1_401' title='bbox 1136 3825 1223 3886; x_wconf 82' lang='lat' dir='ltr'>„euch</span> 
     </span>
     <span class='ocr_line' id='line_1_46' title="bbox 177 3888 1224 3948; baseline 0.008 -23"><span class='ocrx_word' id='word_1_402' title='bbox 177 3898 205 3932; x_wconf 69' lang='lat' dir='ltr'>us</span> <span class='ocrx_word' id='word_1_403' title='bbox 220 3893 315 3948; x_wconf 59' lang='lat' dir='ltr'>‚aram</span> <span class='ocrx_word' id='word_1_404' title='bbox 334 3893 407 3932; x_wconf 70' lang='lat' dir='ltr'>mlum</span> <span class='ocrx_word' id='word_1_405' title='bbox 444 3890 477 3936; x_wconf 60' lang='lat'>&#39;21</span> <span class='ocrx_word' id='word_1_406' title='bbox 499 3889 539 3932; x_wconf 79' lang='lat' dir='ltr'>&#39;ll</span> <span class='ocrx_word' id='word_1_407' title='bbox 560 3894 597 3940; x_wconf 65' lang='grc'>19,</span> <span class='ocrx_word' id='word_1_408' title='bbox 614 3892 647 3936; x_wconf 61' lang='grc'>63</span> <span class='ocrx_word' id='word_1_409' title='bbox 707 3888 747 3928; x_wconf 75' lang='lat' dir='ltr'>din</span> <span class='ocrx_word' id='word_1_410' title='bbox 770 3889 927 3939; x_wconf 58' lang='lat' dir='ltr'>„petulinus-1</span> <span class='ocrx_word' id='word_1_411' title='bbox 946 3889 1046 3932; x_wconf 63' lang='lat' dir='ltr'>lardum</span> <span class='ocrx_word' id='word_1_412' title='bbox 1070 3890 1141 3940; x_wconf 72' lang='lat' dir='ltr'>nieb*</span> <span class='ocrx_word' id='word_1_413' title='bbox 1164 3890 1224 3943; x_wconf 70' lang='lat' dir='ltr'>pin.</span> 
     </span>
    </p>
   </div>
   <div class='ocr_carea' id='block_1_7' title="bbox 0 0 1329 4478">
    <p class='ocr_par' dir='ltr' id='par_1_9' title="bbox 0 0 1329 4478">
     <span class='ocr_line' id='line_1_47' title="bbox 0 0 1329 4478; baseline 0 0"><span class='ocrx_word' id='word_1_414' title='bbox 0 0 1329 4478; x_wconf 95' lang='lat' dir='ltr'> </span> 
     </span>
    </p>
   </div>
  </div>
 </body>
</html>
