2634 4478
153 259 217 325 100
480 258 484 263 ·
510 257 545 308 ιι.
561 255 672 309 noenu
689 256 862 309 donnons

153 431 243 493 quem
266 413 426 475 clamorem
441 413 588 473 oontionis
606 422 658 473 aut
671 431 761 492 quam
783 431 867 492 spem
888 414 1059 475 consulatus
1081 414 1155 487 eius,
1174 416 1229 493 qui

153 499 206 561 tibi
227 498 428 577 paratissimus
450 507 502 570 ost,
524 500 657 559 lumnam
677 494 788 576 putas?
827 499 939 559 Eamne
967 499 1112 560 rationem
1138 498 1231 579 igitur

153 601 287 663 sequente,
305 600 364 661 qua
380 591 480 643 tecum
501 583 565 661 ipse
586 591 616 644 et
635 601 706 643 oum
727 582 786 644 tuis
805 592 898 656 utare,
913 584 1044 663 pnoliteii
1060 592 1090 645 et
1109 585 1143 645 in
1161 603 1230 646 me-

154 670 236 730 dium
257 671 393 746 prolerre
419 685 481 728 non
509 665 645 728 audeas?
687 669 725 729 tt
745 686 817 728 vero
845 669 911 742 illa,
938 687 1014 747 quae
1033 669 1231 748 Peripateu'ai,

155 770 229 833 quae
245 754 334 813 Stoici
354 753 465 826 (linunt,
487 770 606 832 semper
628 752 679 814 titi
699 753 732 813 in
753 771 805 814 ore
825 763 904 826 sunt,
925 753 957 814 in
978 753 1102 827 iudioiis,
1123 755 1155 816 in
1177 773 1227 816 se-

154 847 241 910 natu3
264 839 412 911 alliciunt,
434 838 624 916 aequitatem,
647 838 831 918 dignitatem,
852 838 958 920 tidem,
978 847 1071 913 mota,
1093 840 1231 912 honesta,

155 925 242 1004 digna
263 924 406 1003 imperio,
427 924 516 1003 digna
537 923 649 1003 popttlo
670 924 822 997 Romano,
846 924 945 984 omnia
960 925 1095 1003 -patcula
1116 943 1173 1004 pro
1195 944 1231 986 re

155 1009 281 1089 publiea,
304 1008 380 1068 mori
401 1026 457 1087 pro
479 1009 580 1088 patula,
600 1009 674 1069 liaeo
695 1027 764 1069 eum
785 1009 924 1088 loqueris,
946 1027 1002 1070 nos
1019 1009 1148 1071 barones
1163 1018 1230 1071 stu·

110 1100 142 1149 'tt
156 1112 278 1174 penius,
306 1102 339 1155 tu
368 1093 503 1155 videlieet
532 1103 632 1155 teoum
660 1094 724 1175 ipse
751 1092 840 1154 rides.
883 1093 958 1155 Nam
986 1095 1064 1156 inter
1091 1094 1148 1155 ista
1170 1103 1229 1156 um

157 1179 309 1258 magnilica
337 1178 428 1240 verba
453 1188 576 1258 nmque
603 1180 750 1258 piaeolam
771 1176 948 1248 nonhabet
973 1180 1071 1240 ullum
1092 1180 1232 1259 voluptas

155 1265 265 1335 louum,
285 1282 348 1324 non
370 1263 461 1325 modo
481 1265 538 1335 illa,
559 1280 649 1343 quam
670 1264 701 1325 in
718 1273 802 1324 motu
818 1264 883 1324 esse
898 1258 1106 1343 dicitis-quam
1123 1282 1232 1326 omnes

156 1349 272 1420 urbani,
293 1349 404 1421 rusdoi,
421 1366 535 1421 omnes,
555 1348 686 1428 inqnm,
704 1349 755 1427 qui
776 1349 878 1409 Ladne
898 1349 1071 1428 loquuntur,
1090 1350 1230 1429 volupta-

157 1445 217 1496 tem
239 1443 360 1505 sonant,
388 1435 440 1495 sed
468 1452 507 1495 ne
536 1434 607 1494 haec
628 1434 749 1513 quidam
772 1433 907 1506 staltilis,¹
922 1450 1016 1512 ¹tanam
1037 1443 1154 1513 praeter
1176 1453 1231 1496 vos

100 1510 146 1572 84
159 1537 248 1581 nomo
270 1520 394 1599 appellat
414 1520 603 1599 voluptatem.
645 1519 718 1579 Vide
744 1518 832 1598 igitur
859 1537 900 1578 ne
917 1536 982 1580 non
998 1518 1108 1580 debeas
1131 1519 1231 1581 verbis

157 1603 269 1673 nostris
290 1605 348 1677 uti,
370 1604 521 1665 sonanda
543 1604 611 1664 tuis.
645 1603 734 1678 Quod
757 1604 783 1663 si
805 1604 920 1664 vtilwm
941 1604 1008 1677 tihi,
1026 1605 1057 1665 -si
1077 1605 1231 1666 ineassum

158 1690 293 1770 fingeres,
312 1706 373 1769 quo
395 1689 511 1768 gravior
533 1688 674 1762 viderere,
696 1706 758 1749 non
780 1706 860 1750 esses
881 1689 924 1749 tui
943 1689 1063 1763 similis;
1084 1689 1176 1750 verba
1197 1698 1228 1750 tu

159 1775 252 1854 lingas
275 1782 304 1835 et
325 1793 359 1835 ea
381 1775 468 1847 dicas,
490 1791 565 1853 quae
586 1791 647 1834 non
671 1770 802 1834 emtus?
828 1781 881 1839 aut
901 1773 1004 1848 edam,
1027 1782 1061 1835 ut
1080 1775 1231 1847 vestitum,

158 1860 200 1920 sio
222 1860 396 1921 sententiam
421 1859 536 1921 lialieas⁵
550 1856 635 1920 adam
657 1858 864 1931 domesticam,
892 1859 978 1920 aliam
1007 1861 1177 1933 lonensem,
1198 1868 1232 1921 ut

157 1945 189 2005 in
209 1947 308 2006 nante
327 1945 482 2006 ostentatio
503 1945 549 2017 sit,
570 1945 650 2006 intus
671 1945 777 2006 verius
799 1942 986 2005 ooeultotur?
1012 1944 1093 2018 Vide,
1106 1962 1232 2024 quaeso,

158 2038 311 2091 rocmmne
333 2029 378 2092 sit
391 2029 477 2092 -Mihi
493 2030 614 2108 quidem
635 2047 686 2090 eae
707 2046 794 2090 uerae
814 2027 951 2090 videntur
971 2028 1136 2108 opiniones,
1155 2048 1232 2109 quae

158 2115 308 2187 honestae,
331 2133 407 2193 quae
426 2114 594 2186 laudabiles,
612 2131 688 2193 quae
707 2114 859 2194 gloriosae,
873 2130 953 2192 quae
971 2115 1003 2175 in
1025 2122 1138 2187 senatu,
1154 2132 1231 2193 quae

158 2199 236 2278 attend
265 2201 426 2278 populum,
455 2216 530 2278 quae
557 2200 589 2259 in
619 2199 701 2258 omni
725 2207 811 2260 coetu
835 2199 1020 2278 concilioque
1047 2199 1233 2279 profitendae

159 2285 225 2355 sint,
248 2302 286 2344 ne
307 2284 336 2344 id
360 2301 420 2345 non
443 2283 556 2363 pudeat·
572 2283 689 2356 sentire,
711 2284 791 2362 quood
813 2284 923 2362 pudeat
943 2285 1048 2345 dioeie.

112 2377 144 2430 τε
245 2369 394 2430 Amicitiae
409 2386 480 2429 vero
497 2369 581 2429 loeus
600 2368 652 2429 ulii
673 2386 738 2429 esse
757 2364 853 2447 potest
872 2379 923 2430 ant
944 2370 1010 2448 quis
1031 2370 1145 2431 amicus
1166 2389 1232 2431 esse

159 2453 306 2533 ouiquani,
328 2472 417 2533 quem
436 2470 498 2514 nun
518 2453 618 2532 ipsum
636 2462 714 2514 amet
735 2462 856 2532 propter
873 2451 997 2533 ipsum?
1033 2455 1111 2529 Quid
1131 2464 1230 2516 antem

159 2549 203 2601 est
220 2558 327 2611 aiuare,
346 2559 362 2600 e
381 2557 442 2619 quo
464 2557 575 2600 nomen
594 2539 717 2600 duotutn
733 2539 877 2600 amicitiae
897 2548 949 2612 est,
970 2539 1027 2601 nisi
1047 2539 1121 2600 velle
1142 2539 1231 2601 bonis

158 2625 284 2704 adquem
307 2625 392 2685 adliei
411 2642 500 2703 quam
515 2625 673 2696 maximis,
695 2623 782 2683 etiam
804 2624 829 2684 si
850 2623 886 2684 ad
909 2643 942 2684 se
963 2641 999 2684 ex
1021 2625 1067 2685 his
1087 2625 1160 2685 nihil
1179 2643 1230 2685 re-

159 2707 247 2771 deat?
289 2711 326 2770 Et
345 2710 481 2789 prodest,
502 2710 613 2789 inquit,
635 2706 706 2770 mihi
728 2727 764 2769 eo
786 2726 851 2770 esse
873 2709 980 2769 animo.
1002 2711 1115 2770 'lmmo
1136 2711 1230 2770 videri

193 2881 232 2929 76.
262 2880 364 2942 aequom]
396 2875 443 2928 fut.
472 2877 524 2942 vgl
541 2876 631 2928 Panad.
649 2876 667 2942 1,
719 2875 801 2927 dieser
829 2876 949 2941 wegllele.
985 2874 1170 2943 Auiopl'enung·
1189 2876 1234 2928 uir

157 2947 181 3001 3,
203 2949 241 2998 14.
719 2944 791 2996 einen
808 2944 908 2996 Fnound
925 2945 995 2996 wiire
1013 2946 1045 2995 da
1063 2945 1133 2996 nieht
1151 2947 1232 2997 denk-

186 3014 307 3075 profitm]
321 3014 432 3062 eusdem
440 3013 667 3077 Vorliengehonden
703 3013 771 3067 lar.
806 3012 946 3078 Torquatus
981 3014 1067 3065 wiirde
1098 3015 1230 3066 desselben

156 3082 263 3146 „quaest
281 3096 312 3129 zu
330 3080 461 3143 erg‘aiuzen.
478 3079 667 3146 intenuit
717 3081 853 3146 aflordiugs
883 3079 955 3147 fa'hig
989 3082 1056 3146 ιοίιι,
1088 3082 1151 3133 aber
1185 3085 1230 3135 das

191 3150 299 3212 affinium
322 3150 377 3209 oet]
407 3149 534 3212 abhdngig
557 3165 605 3198 von
627 3154 666 3207 aa·
701 3149 813 3207 ¹stimma
833 3148 903 3199 nieht
920 3149 966 3199 mit
983 3151 1027 3200 don
1044 3151 1231 3216 opieumisolton

156 3221 237 3282 quarta
265 3217 315 3266 und
344 3216 370 3266 in
399 3219 454 3266 daeo
482 3218 526 3266 das
552 3217 666 3269 Vorlien-
717 3216 799 3268 [ultre
815 3217 926 3281 therela,
941 3219 1070 3271 wiedeun
1089 3221 1153 3270 anah
1167 3219 1232 3287 Epi·

156 3287 267 3351 geltende
285 3285 347 3336 alles
365 3282 607 3348 zusammengeiasst.
716 3301 761 3335 aur
775 3285 818 3340 ein
834 3285 1052 3349 ausgozeialineten
1065 3287 1167 3339 Fteund
1183 3304 1232 3352 ge-

193 3359 232 3407 l'l.
256 3357 316 3406 Vide
332 3355 370 3416 ue]
387 3351 431 3404 lte
450 3351 591 3418 §577,1t
610 3355 633 3405 3.
717 3368 800 3404 wesen
819 3353 871 3405 sein
888 3357 1002 3419 noenta,
1025 3357 1087 3407 aben
1109 3371 1138 3408 en
1154 3357 1229 3407 ltiitte

184 3424 341 3487 profitendae]
366 3419 409 3472 ltr.
429 3420 446 3487 ἦ
464 3423 523 3484 487,
548 3421 579 3471 lt
599 3425 622 3485 5,
644 3425 665 3474 1.
716 3423 796 3485 daun,
820 3422 870 3473 wie
893 3425 958 3473 auch
977 3425 1069 3475 audone
1091 3423 1230 3490 Epicurean

191 3495 246 3553 dap.
264 3494 366 3554 XXIV,
388 3489 426 3543 78.
450 3519 484 3526 -
504 3493 606 3551 XXVI,
623 3491 664 3540 85.
717 3490 801 3542 besser
825 3492 960 3555 gehandelt
982 3492 1021 3543 als
1041 3494 1152 3558 garedet
1180 3493 1228 3544 Die

156 3560 227 3609 Auoh
245 3559 284 3609 die
302 3557 484 3610 Fneundsehalt
500 3558 581 3608 klinna
601 3560 665 3608 nauh
715 3559 889 3623 Eriliirungou
924 3562 966 3611 des
995 3559 1138 3627 Torquatus
1165 3562 1229 3613 iiber

156 3628 201 3677 der
218 3627 402 3692 epicureischen
424 3628 504 3678 lehre
528 3627 597 3677 nieht
619 3627 665 3679 be-
716 3627 755 3678 die
773 3627 928 3692 Entstaliung
951 3631 995 3679 dor
1011 3627 1228 3681 Freundsohaiten

155 3697 257 3758 stehen3
281 3710 306 3746 es
330 3697 416 3746 wiinde
439 3713 486 3746 nur
508 3697 552 3747 der
575 3695 665 3746 Sohein
715 3698 779 3745 naoli
796 3696 980 3761 epicureisehan
996 3695 1136 3750 Ansieltteu
1157 3698 1228 3750 soien

155 3765 199 3814 der
211 3762 394 3817 Fneundsehait
405 3765 467 3828 sein,
479 3779 553 3815 wenn
570 3764 606 3815 sie
624 3779 664 3814 nm
716 3763 766 3813 olle
784 3764 854 3815 nieht
870 3765 1024 3829 stiuhltaltig.

155 3833 196 3883 des
209 3832 337 3884 Vontheils
349 3832 433 3882 willan
446 3831 567 3899 gekniiplt
580 3833 659 3883 wiiide
749 3834 789 3884 78.
807 3837 841 3882 ad
855 3835 886 3895 ae]
904 3834 954 3898 vgl.
972 3833 992 3897 l,
1009 3837 1051 3898 20,
1070 3837 1111 3889 ot.

153 3903 202 3950 und
215 3901 250 3953 sie
263 3902 348 3951 wiirde
360 3899 655 3956 «adortanttittven,wan1
754 3903 835 3952 {nundi
853 3901 903 3960 vgl.
921 3900 941 3956 Ι,
959 3905 983 3955 2.
1002 3905 1026 3956 t.
