2634 4478
220 261 263 313 nn
280 260 406 313 rrnnus
423 259 582 313 nononun
596 258 640 310 ar
656 259 821 312 ιιιιοιιιιιι
838 258 868 326 ιι,
890 263 928 323 12,
948 264 1057 315 ac-as.
1133 261 1173 327 81

98 417 159 479 boo
185 435 249 478 non
276 417 374 479 addito
400 417 472 477 illud
496 425 541 477 est
567 416 736 478 iudicatum.
783 416 861 489 Quid
889 416 1020 478 iudicant
1045 416 1200 480 sensus?²

98 502 192 565 Dulce
222 520 372 575 munna,
400 502 464 563 leve
495 519 649 580 asperum,
680 520 774 580 prope
807 502 910 580 longe,
940 511 1017 563 stare
1043 521 1172 576 morere,

99 587 279 667 quadratum
297 587 470 649 rotundum.
514 585 633 649 Rotam
652 587 741 666 igitur
769 586 971 664 pronuntiabit
998 589 1171 651 sententiam
1186 601 1220 653 37

28 720 39 741 .
98 672 175 735 ratio
196 672 324 735 adbibita
342 672 474 752 prinmm
494 671 660 734 divinarum
675 673 934 750 humanarumque
953 691 1055 733 rerum
1074 674 1171 734 scien-

98 756 148 831 tis,
167 775 245 836 qliae
265 765 363 837 potest
390 756 529 835 appellari
550 757 606 818 rite
625 757 781 835 sapientia3
812 757 918 819 dando
946 758 1091 819 adiunctis
1109 759 1171 820 vir·

99 840 223 917 tutibus,
253 860 327 922 quas
353 842 428 903 ratio
454 860 556 905 rerum
584 842 720 903 omnium
747 841 897 915 dominas,
926 851 958 903 tu
987 844 1171 922 voluptatum

98 926 237 989 satellites
257 935 287 989 et
305 927 451 989 minisuas
471 945 536 988 esse
555 926 686 999 voluisti3
710 945 837 1006 quarum
855 927 928 988 adeo
943 929 1078 989 omnium
1100 947 1170 991 sen·

99 1012 190 1075 tentia
218 1012 422 1092 pronuntiabit
449 1013 580 1090 primunr
607 1013 644 1072 de
670 1012 827 1090 voluptate,
856 1012 930 1073 nihil
957 1032 1022 1074 esse
1052 1014 1078 1074 ei
1104 1014 1171 1087 loci,

98 1115 162 1159 nou
181 1097 272 1159 modo
293 1106 326 1158 ut
347 1098 408 1159 sola
427 1105 554 1175 ponatur
572 1097 604 1157 in
621 1097 729 1159 summi
747 1097 819 1157 boni
840 1098 917 1169 sede,
939 1116 1030 1176 quarn
1051 1099 1169 1178 quaeri-

98 1200 177 1255 mus,
199 1182 251 1245 sed
272 1200 311 1245 ne
332 1182 380 1242 illo
401 1182 522 1261 quidem
544 1183 643 1255 modo,
673 1190 706 1243 ut
732 1182 768 1242 ad
796 1183 978 1244 honestatem
1000 1185 1170 1263 applicetur.

97 1268 141 1329 lle
169 1267 311 1329 vacuitate
340 1267 452 1328 doloris
479 1268 580 1328 eadem
613 1266 756 1328 sententia
787 1266 853 1328 erit
902 1268 1048 1329 Reicietur
1084 1270 1171 1331 etiarn
1185 1281 1218 1331 38

96 1351 350 1425 Carneadea,.nec
371 1353 429 1413 ulla
447 1352 484 1412 de
506 1353 727 1413 summobono
756 1351 828 1412 ratio
858 1361 909 1413 aut
930 1354 1085 1432 voluptatis
1108 1373 1170 1415 non

97 1437 255 1499 dolendive
272 1437 417 1516 particeps
439 1446 490 1498 aut
506 1437 666 1499 honestatis
686 1456 792 1516 expers
807 1437 987 1516 probabitur.
1015 1439 1058 1500 lta
1079 1440 1169 1500 relin-

87 1532 171 1601 quet
190 1522 272 1596 duas,
293 1523 331 1583 de
349 1522 457 1601 quibus
480 1523 566 1583 etiarn
587 1531 675 1602 atque
696 1523 783 1583 etiam
805 1523 979 1583 consideret.
1011 1524 1071 1584 Aut
1089 1525 1170 1586 enirn

97 1616 208 1671 statuet
222 1607 295 1669 nibil
310 1626 375 1669 esse
390 1607 504 1668 bonum
523 1609 580 1668 nisi
594 1610 763 1680 honesturn,
785 1608 858 1668 nihil
872 1609 982 1668 malurn
1003 1609 1059 1671 nisi
1075 1618 1171 1689 turpe,

97 1700 195 1755 catera
217 1700 269 1754 aut
289 1692 411 1754 omnino
434 1693 507 1753 nihil
525 1693 633 1754 habere
661 1692 804 1753 momenti
829 1702 879 1754 aut
905 1702 1029 1767 tantm,
1059 1703 1092 1755 ut
1117 1714 1172 1756 nec
1210 1693 1212 1697 ’

97 1777 262 1857 expetenda
284 1796 340 1839 nec
361 1778 509 1857 fugienda,
531 1778 582 1838 sed
605 1778 735 1857 eligenda
758 1777 846 1837 modo
870 1786 921 1838 aut
935 1779 1081 1839 reicienda
1104 1781 1172 1854 sint,

96 1870 150 1925 ant
175 1870 335 1941 anteponet
363 1882 436 1936 earn,
466 1881 555 1942 quana
585 1866 654 1923 cum
684 1863 836 1923 honestate
860 1863 1085 1937 ornatissimam,
1107 1873 1171 1926 turn

97 1946 186 2011 edum
207 1947 280 2026 ipsis
301 1947 391 2009 initiis
413 1956 534 2009 naturae
555 1957 584 2009 et
604 1948 691 2009 totius
707 1947 888 2025 perfectione
911 1947 985 2007 vitae
1007 1949 1170 2027 locupleta-

96 2042 158 2095 tam
179 2032 317 2094 videbit·
341 2033 428 2106 Quod
451 2052 485 2093 eo
507 2033 646 2112 liquidius
676 2033 769 2105 saciet,
798 2031 823 2093 si
850 2034 1040 2110 perspexerit,
1068 2053 1171 2096 rerum

131 2220 309 2283 menuae
322 2247 355 2256 -
368 2220 514 2281 rotandum]
528 2217 609 2269 Ueber
659 2216 699 2267 die
722 2228 789 2270 rutae
812 2223 951 2282 amamini,
976 2213 1068 2286 κύριαι
1092 2217 1172 2279 δόξαι

95 2286 166 2339 diuae
188 2286 268 2351 Dinge
298 2289 379 2338 baben
408 2287 448 2337 die
472 2287 546 2337 Sinne
576 2304 608 2337 zu
659 2286 702 2336 des
719 2285 818 2353 Epicur.
853 2287 931 2338 Acad
950 2285 980 2351 11,
999 2290 1023 2351 9,
1043 2291 1089 2340 27:
1114 2288 1170 2340 Non

95 2354 235 2420 maedan,
266 2356 336 2406 nicbt
359 2357 421 2406 aber
444 2356 552 2406 dariiber
576 2357 607 2405 ob
658 2361 741 2421 potest
749 2355 828 2420 igitur
838 2356 956 2419 dubitari,
975 2356 1034 2421 quin
1043 2357 1171 2408 decretum

96 2423 138 2474 die
154 2422 217 2474 laet
234 2423 275 2475 ein
293 2422 344 2475 Gut
362 2425 411 2475 und
429 2424 473 2474 der
491 2423 607 2474 Scbmerz
658 2423 752 2473 nullum
770 2423 859 2474 fulsum
877 2439 931 2475 esse
949 2424 1029 2490 possit
1040 2426 1170 2491 sepientis,

95 2490 226 2543 ciuilebel
242 2490 294 2556 sei3
312 2493 420 2543 duriiber
437 2493 607 2543 zuurtbeilen
659 2506 736 2556 neque
768 2493 831 2542 satis
854 2491 889 2542 sit
919 2508 967 2541 non
992 2506 1047 2542 esse
1071 2491 1170 2558 labam,

94 2561 142 2611 hat
164 2560 205 2611 dio
222 2560 357 2613 Vernunlt.
393 2561 451 2626 Vgl.
474 2561 550 2611 Acad.
575 2560 606 2625 ll,
656 2560 700 2611 sed
730 2560 805 2610 ctiam
828 2561 934 2624 stabile,
965 2561 1056 2624 lixum,
1086 2568 1170 2611 ratum

97 2632 122 2691 7,
140 2630 182 2681 21.
658 2643 713 2678 esse
748 2629 844 2679 debeat.
880 2644 916 2695 pr.
947 2628 1017 2678 Cacc.
1051 2631 1092 2692 33,
1123 2633 1169 2683 96:

131 2698 173 2750 3¹1.
189 2700 278 2749 uuam
286 2701 361 2763 ibitur
370 2708 512 2760 promont.
525 2699 606 2759 ratini
660 2697 759 2761 Quaero
788 2724 822 2732 —-
857 2703 973 2762 putesne,
1009 2698 1031 2747 si
1065 2699 1171 2764 populus

95 2764 144 2817 llio
158 2765 353 2819 flandsclrril’ten
369 2767 450 2817 baben
467 2766 518 2816 allo
535 2783 607 2831 quam
657 2765 760 2815 iusserit
777 2779 815 2816 me
833 2772 903 2815 tunm
921 2771 965 2815 aut
979 2765 1040 2816 item
1052 2773 1078 2816 te
1090 2782 1170 2817 mount

102 2838 133 2849 ““
193 2840 251 2897 cot,
281 2850 334 2885 was
363 2835 403 2885 dic
432 2834 539 2885 Meisten
568 2834 607 2884 als
657 2849 757 2885 servum
775 2848 844 2896 esse,
873 2834 898 2882 id
916 2833 1008 2884 iussum
1026 2842 1108 2885 return
1125 2842 1171 2886 aut

94 2843 179 2967 m
204 2903 343 2966 undamn,
373 2904 434 2953 aber
459 2903 605 2969 unpassand.
656 2902 752 2953 firmum
770 2901 902 2953 loturum?

94 2970 182 3021 Baiter
216 2972 266 3021 und
310 2971 413 3036 Madvig
447 2971 509 3023 sind¹
538 2971 607 3021 einer
692 2988 765 3035 quam
784 2973 930 3036 quaerimus]
948 2969 1027 3022 freicr
1044 2970 1091 3022 aul
1105 2977 1170 3023 sedec

95 3038 606 3105 iloemverbcsserung,‚aequampeur“
656 3040 774 3103 bezogen‚
794 3039 909 3104 obgleicb
926 3040 966 3091 die
979 3040 1169 3106 Untersucbung

94 3105 201 3172 guinisi,
213 3123 334 3173 wogegen
347 3108 431 3174 Unger
439 3108 605 3172 (PhilolXX,
657 3109 720 3159 iiber-
748 3109 792 3158 das
821 3126 940 3160 mmmum
968 3113 1055 3161 dmum
1091 3117 1168 3161 stutt-

94 3192 118 3243 p.
139 3178 198 3239 att)
215 3179 276 3227 sehr
292 3177 384 3242 ricbtig
400 3179 528 3235 bomerkt,
554 3177 606 3228 dies
658 3177 741 3229 findet.
764 3212 767 3219 ·

94 3244 185 3296 wiirdo
205 3245 267 3296 aber
293 3263 340 3296 nur
357 3244 403 3295 aui
417 3246 457 3297 die
475 3246 607 3310 billigkcit
691 3250 742 3296 ead.
766 3256 823 3297 eant.
845 3248 898 3308 erit]
917 3247 957 3296 dio
973 3244 1169 3296 Handscbrilten

94 3313 140 3364 da
167 3311 281 3365 Urtbeils
310 3317 397 3379 geben,
428 3331 519 3365 wovon
550 3315 606 3366 laicr
657 3312 1170 3380 „est“‚Bentley'sVerbesscrungscbeint

87 3380 170 3433 ¹nieht·
193 3382 234 3433 diu
262 3383 330 3435 llede
362 3384 412 3442 sei,
446 3399 475 3433 er
506 3384 605 3448 schliigt
656 3383 825 3446 notbwendig.

93 3452 189 3514 „duam
212 3452 298 3503 'w‘
316 3468 378 3514 vor,
395 3466 450 3501 was
467 3453 526 3501 sehr
542 3459 606 3501 matt
692 3453 732 3506 38.
761 3455 815 3503 Ace
838 3455 901 3501 onim
923 3459 1008 3501 statuet
1031 3451 1087 3513 cet]
1121 3450 1168 3501 llic

94 3519 175 3571 wire.
226 3534 241 3569 a
259 3520 315 3572 bier
332 3520 395 3570 aber
412 3520 456 3569 der
472 3524 543 3583 ratio,
560 3521 606 3569 mit
656 3519 738 3571 Lebre
761 3521 806 3570 dor
823 3519 939 3580 Stoiker,
963 3518 1003 3568 dic
1022 3518 1056 3568 im
1074 3518 1168 3570 dritten

93 3584 246 3639 Nacbdruck
269 3604 314 3639 uns
337 3587 407 3639 Eudo
429 3589 539 3652 gestellt,
566 3588 605 3638 die
656 3590 738 3640 Bncbe
755 3588 901 3638 entwiclelt
919 3587 991 3638 wird.

94 3654 216 3720 allcinige
238 3656 389 3724 Conpctenz
411 3657 605 3721 augescbricbcn
690 3669 734 3709 aut
748 3666 871 3717 anteponat
888 3673 945 3707 eam.
957 3657 1014 3718 cot]
1031 3655 1168 3706 DieLobre

93 3724 197 3775 worden
213 3725 271 3789 soll,
289 3742 317 3777 so
335 3725 418 3776 diirlte
430 3727 499 3777 wohl
510 3737 606 3789 „ratam
655 3725 896 3791 derl'eripatetiker
914 3726 945 3788 (ιι.
963 3726 1009 3774 iilt.
1023 3724 1167 3787 Academia)

93 3794 256 3845 numum
297 3795 377 3857 „eine
410 3795 506 3860 giiltige
541 3794 605 3845 Ent-
658 3797 733 3857 (Bncb
751 3793 791 3855 Vl.

93 3862 250 3927 scheidung“
261 3862 467 3927 aurl'latzosein,
478 3864 605 3915 viellcicbt
690 3869 713 3913 ri
730 3865 886 3924 perspexerit,
904 3879 986 3914 rerum
1004 3862 1062 3923 cet]
1097 3859 1169 3910 Nacb

94 3930 141 3985 nit
163 3931 234 3983 einer
255 3932 378 3996 gewicsen
396 3933 537 3998 Beaiobung
563 3931 609 3984 eui
657 3934 701 3983 dor
731 3929 836 3981 basiant
871 3932 913 3982 des
944 3930 1083 3980 Antiochus
1117 3944 1168 3979 von

146 4022 191 4066 Cic.
205 4022 238 4065 Do
251 4023 336 4065 linibus.
939 4020 954 4066 6
