2634 4478
192 279 235 329 DE
253 279 273 328 F
276 278 379 330 turnus
397 277 555 330 BONORUM
572 277 615 328 ET
633 278 796 331 MALORUM
814 279 844 343 ll,
864 283 905 341 35,
926 283 1068 333 tto-419.
1113 279 1172 343 119

100 445 206 516 potest,
227 436 289 495 sine
310 435 422 494 doloris
445 442 534 506 metu,
556 452 593 494 an
611 454 679 494 rum
698 434 734 493 de
757 434 895 495 omnibus
911 435 1045 513 gentibus
1063 435 1172 512 optime

101 540 257 591 mererere,
280 539 349 579 cum
371 539 459 598 opem
480 519 678 598 indigentibus
698 520 880 597 salutemque
903 523 1005 591 serres,
1028 521 1073 580 rel
1094 520 1171 579 Her-

100 608 174 668 culis
195 606 308 684 perpeti
329 624 495 665 aerumnas.
541 605 587 665 Sic
610 605 688 665 enim
711 605 837 665 maiores
858 605 950 665 nostri
971 605 1087 665 labores
1111 623 1172 664 non

101 691 257 771 fugiendos
293 691 459 750 tristissimo
494 700 592 750 tamen
630 689 720 749 verbo
756 708 912 750 aerumnas
942 691 1028 750 etiam
1055 691 1086 749 in
1115 690 1171 749 deo

100 777 338 837 nominaverunt.
386 776 541 854 Exigerem
568 793 603 834 ex
631 784 658 834 te
685 793 881 853 cogeremque
909 784 942 835 ut
967 775 1172 853 responderes,
1189 785 1235 836 119

100 862 158 922 nisi
178 880 297 921 vererer
319 879 357 920 ne
379 861 537 921 Herculem
556 861 656 938 ipsum
685 879 726 929 ea,
754 878 828 938 quae
850 879 905 939 pro
927 862 1019 920 salute
1042 861 1172 938 gentium

101 964 219 1008 summo
240 945 341 1005 labore
367 946 511 1023 gessisset
532 945 688 1023 voluptatis
710 963 797 1006 causa
820 946 943 1023 gessisse
964 946 1086 1005 diceres.

187 1031 267 1104 Quae
297 1049 366 1089 cum
394 1031 541 1102 dixissem,
568 1030 677 1101 Habeo,
706 1030 802 1108 inquit
828 1031 1006 1109 Torquatus,
1035 1030 1070 1090 ad
1097 1049 1172 1108 quos

100 1117 155 1177 ista
170 1119 306 1186 reseram,
323 1125 359 1186 et,
379 1134 549 1194 quanquam
565 1115 672 1194 aliquid
689 1115 752 1194 ipse
769 1125 912 1194 poteram,
927 1124 1025 1176 tamen
1039 1116 1174 1176 invenire

102 1201 178 1262 malo
196 1202 365 1279 paratiores.

186 1286 353 1345 Familiares
381 1294 507 1357 nostros,
539 1285 637 1357 credo,
659 1285 796 1346 Sironem
818 1285 888 1346 dicis
909 1294 938 1345 et
957 1285 1173 1357 Philodemum,

103 1389 172 1431 cum
194 1372 320 1448 optimos
342 1371 430 1441 viros,
452 1379 516 1429 tum
536 1371 671 1430 homines
693 1371 888 1430 doctissimos.

189 1456 285 1526 Recte,
307 1455 409 1533 inquit,
431 1455 580 1534 intellegis.

188 1541 247 1619 Age
268 1558 347 1611 sane,
368 1541 498 1617 inquam,
527 1541 578 1601 sed
605 1543 667 1600 erat
693 1541 815 1619 aequius
837 1540 984 1600 Triarium
1001 1537 1114 1617 aliquid
1137 1537 1173 1598 de

103 1624 285 1686 dissensione
309 1634 410 1685 nostra
429 1624 567 1685 iudicare.
746 1701 749 1705 ι

187 1711 286 1782 Eiuro,
314 1711 411 1788 inquit
436 1711 582 1781 adridens
611 1711 756 1788 iniquum,
783 1711 838 1770 hac
865 1710 985 1788 quidem
1014 1709 1050 1768 de
1070 1728 1119 1780 re;
1141 1716 1173 1768 tu

101 1795 181 1856 enim
200 1797 254 1856 ista
273 1795 377 1868 lenius,
399 1795 447 1855 hic
467 1797 634 1855 Stoicorum
658 1814 740 1855 more
763 1815 818 1855 nos
841 1803 933 1855 vexat.

187 1881 266 1940 Tum
286 1881 426 1953 Triarius
440 1881 561 1959 posthac
578 1881 707 1959 quidem,
726 1881 829 1959 inquit,
844 1879 1000 1950 audacius3
1020 1897 1088 1938 nam
1102 1879 1174 1939 llaec

102 1965 166 2045 ipsa
188 1966 260 2025 mihi
281 1973 368 2025 erunt
389 1966 420 2025 in
440 1975 591 2044 promptu,
612 1985 686 2044 quae
710 1966 799 2025 modo
823 1965 928 2037 audivi,
955 1983 1010 2024 nec
1032 1973 1098 2024 ante
1118 1963 1171 2024 ad-

102 2051 218 2129 grediar
239 2069 328 2129 quam
349 2059 377 2111 te
397 2051 433 2112 ab
456 2052 527 2123 istis,
550 2070 626 2130 quos
650 2052 731 2123 dicis,
752 2052 930 2111 instructum
952 2051 1063 2109 videro.

188 2136 270 2207 Quae
295 2155 363 2196 cum
390 2146 488 2198 essent
512 2137 596 2210 dicta,
622 2137 712 2196 finem
742 2137 865 2196 lecimus
894 2144 923 2196 et
949 2134 1117 2195 ambulandi
1147 2142 1175 2194 et

101 2219 280 2297 disputandi.

101 2394 131 2437 ut
148 2385 181 2448 ii,
200 2385 242 2452 qui
261 2386 363 2451 docent,
388 2403 466 2453 neque
484 2396 542 2439 sunt
560 2389 613 2441 eius
664 2390 746 2454 einige
763 2389 952 2441 soincherlre
963 2390 1019 2439 sind
1036 2389 1061 2438 in
1080 2388 1174 2438 Hercu-

102 2455 202 2520 goueris
220 2461 269 2505 cet.
665 2460 762 2509 laneum
786 2456 959 2523 aufgelunden.
1002 2456 1126 2506 Erwdhnt
1150 2457 1175 2505 in

139 2525 195 2577 119.
214 2525 277 2586 Sira]
296 2525 355 2574 oder
367 2527 430 2587 Syro
443 2525 613 2591 gesohrioben‚
665 2526 714 2577 Pis.
732 2529 774 2590 28,
793 2529 833 2580 68.
869 2529 911 2590 29,
930 2531 969 2579 lt).

101 2590 151 2642 soll
167 2593 213 2642 der
226 2592 321 2643 Lehrer
338 2594 381 2644 des
397 2593 482 2659 Virgil
499 2609 614 2659 gewoscn
698 2596 773 2657 eiuro]
792 2597 852 2645 oder
869 2601 930 2646 euro
948 2611 998 2644 von
1016 2595 1060 2643 der
1078 2592 1173 2642 Ablelr-

102 2659 170 2724 sein3
188 2660 276 2712 Cicero
294 2665 409 2712 e1·wiihnt
427 2663 470 2713 itm
488 2663 564 2714 Acad.
583 2663 613 2728 ΙΙ,
665 2680 732 2728 rung
761 2664 828 2714 eines
856 2664 987 2727 Richtars,
1019 2664 1064 2713 der
1089 2660 1174 2726 jurist,

104 2731 150 2791 33,
178 2732 232 2782 100.
263 2731 295 2780 ad
321 2729 378 2780 lam.
396 2731 444 2795 Vl,
473 2735 551 2796 11,2
576 2733 614 2783 als
665 2733 774 2799 Spraehe
792 2740 954 2784 entnommon.
980 2734 1010 2782 de
1029 2748 1064 2781 or.
1083 2730 1113 2793 ll,
1133 2733 1175 2794 80,

103 2794 210 2849 Fround.
413 2858 414 2862 Ἰ
666 2804 730 2854 285ι
761 2801 822 2852 Cum
851 2802 875 2852 ei
904 2801 936 2852 M.
958 2801 1062 2851 Flaccus
1087 2826 1120 2834 -
1147 2797 1174 2848 P.

136 2867 297 2930 frenamus]
315 2883 358 2917 aus
377 2865 477 2918 Gadara
495 2869 520 2918 in
540 2868 613 2919 Colo·
666 2868 773 2920 Mneimn
806 2871 912 2922 iudicem
938 2869 1052 2934 tulisset,
1090 2866 1174 2932 Eiuro,

102 2933 202 3000 syrien,
224 2936 284 3002 cpio.
303 2935 436 3003 Philosoph
454 2954 477 2987 u.
494 2937 612 3002 Dichter,
663 2938 752 3004 inquit,
769 2939 868 3005 iniquus
885 2946 931 2990 est.
