2634 4478
171 215 215 266 BE
227 215 321 267 FINIB.
339 215 459 268 BONOR.
472 215 516 266 ΕΤ
533 215 742 303 Manendum
761 220 803 281 25,
822 218 862 270 at.
880 219 923 282 26,
941 218 1062 286 82—85.}
1115 219 1179 286 103

105 371 221 451 pientia,
244 380 286 443 ut,
309 389 398 451 quem
421 371 456 432 ad
479 372 604 432 modum
627 372 737 432 sintin
760 390 791 433 se
813 372 895 452 ipsos
916 373 1051 445 animati,
1073 375 1178 436 εοιιιιιι

105 458 195 518 modo
219 457 278 518 sint
295 475 363 536 erga
379 457 505 529 amicos;
528 457 556 517 id
580 465 610 518 et
627 457 691 517 lieri
713 475 802 536 posse
821 466 851 518 et
872 476 960 537 saepe
981 477 1046 520 esse
1066 463 1178 521 lactum

104 541 191 603 etad
215 542 377 622 voluptates
400 541 602 620 percipiendas
632 542 759 603 maxime
786 542 942 620 pertinere.
985 543 1050 603 lloc
1071 545 1180 607 foedus

105 629 202 688 lacere
224 627 249 687 si
271 636 447 706 potuerunt,
478 627 585 687 faciant
613 627 701 687 edam
728 626 816 700 illud,
838 635 872 689 ut
892 628 1083 706 aequitatem,
1109 647 1177 690 mo-

104 710 237 784 destiam,
259 712 381 774 virtutes
407 711 504 773 omnis
523 729 577 790 per
599 729 631 772 se
651 712 729 790 ipsas
751 712 840 791 gratis
861 713 988 792 diligant
1029 713 1076 774 bn
1096 733 1177 787 vcro,

104 797 129 858 si
150 795 298 858 fructibus
319 806 348 858 et
369 797 576 857 emolumentis
595 805 623 858 et
642 796 811 858 utilitatibus
833 797 973 859 amicitias
990 797 1130 872 colemus,
1152 801 1177 861 si

104 881 185 942 nulla
207 881 310 943 caritas
332 882 402 954 erit,
425 898 501 959 quae
527 882 611 943 saciat
637 882 793 943 amicitiam
814 882 909 961 ipsam
930 902 984 944 sua
1005 891 1126 963 sponte,
1149 885 1178 945 ri

104 984 166 1039 sua,
189 985 225 1027 ex
247 985 278 1027 se
301 976 330 1028 et
351 976 472 1046 propter
494 985 526 1028 se
548 967 751 1045 expetendam,
775 967 898 1029 dubium
920 976 964 1029 est
977 968 1050 1046 quiin
1067 968 1177 1029 bindos

105 1059 134 1113 et
153 1050 264 1113 insulas
287 1052 387 1112 amicis
409 1049 648 1130 anteponamus?
690 1052 771 1113 Licet
792 1052 840 1113 bic
861 1071 967 1114 rursus
990 1072 1023 1114 ea
1044 1071 1177 1115 comme·
1191 1057 1226 1110 84

82 1142 214 1209 mores,
229 1154 304 1215 quac
319 1136 437 1216 optimis
457 1136 554 1197 verbis
575 1135 611 1198 ab
628 1137 810 1216 Epicuro'de
830 1137 917 1198 laude
938 1138 1082 1199 amicitiae
1104 1138 1179 1200 dicta

105 1230 184 1282 sunt
227 1222 295 1282 Non
318 1238 429 1300 quaero
452 1221 522 1300 quid
554 1221 645 1293 dicat,
675 1220 726 1282 sed
754 1221 824 1299 quid
848 1223 1058 1284 convenienter
1087 1225 1181 1303 possit

103 1306 211 1367 rationi
232 1315 262 1367 et
282 1307 442 1367 sententiae
466 1325 535 1367 suae
558 1307 664 1367 dicere.
723 1306 855 1368 Utilitatis
882 1324 968 1368 causa
989 1307 1114 1369 amicitia
1136 1318 1180 1370 est

106 1391 244 1470 quaesita.
295 1392 374 1452 Num
396 1392 485 1470 igitur
507 1391 728 1454 utilioremtibi
746 1392 826 1452 hunc
847 1391 995 1453 Triarium
1010 1401 1096 1471 putas
1113 1412 1178 1454 esse

104 1493 202 1555 posse,
217 1494 307 1554 quam
326 1477 351 1536 si
372 1481 422 1537 tua
444 1477 503 1537 sint
515 1476 646 1537 Puteolis
663 1473 820 1556 granmal
851 1477 960 1556 Collige
980 1478 1088 1550 omnia,
1103 1495 1179 1556 quae

105 1561 213 1622 soletis.
271 1561 454 1623 Praesidium
477 1561 650 1622 amicorum.
708 1561 783 1623 Satis
805 1561 922 1623 esttibi
944 1562 975 1622 in
996 1569 1034 1635 ta,
1056 1562 1125 1623 satis
1146 1563 1178 1623 in

103 1645 227 1724 legibus,
249 1647 318 1707 satis
339 1647 370 1707 in
394 1646 592 1707 mediocribus
612 1646 745 1708 amicitiis
767 1646 920 1726 praesidii3
949 1647 1007 1708 iarn
1029 1648 1179 1708 contemni

105 1746 167 1792 non
196 1730 323 1810 poteris3
354 1731 457 1792 edium
480 1741 578 1792 autem
600 1740 630 1792 et
649 1731 790 1791 invidiam
813 1732 897 1793 facile
915 1731 1035 1805 vitabis3
1065 1732 1102 1793 ad
1130 1751 1178 1794 eas

104 1816 185 1876 enim
206 1834 254 1876 res
270 1815 306 1876 ab
323 1816 452 1894 Epicuro
474 1824 629 1894 praecepta
650 1816 767 1878 dantur.
800 1816 837 1877 Et
858 1824 956 1878 tamen
977 1817 1064 1878 tantis
1086 1818 1177 1878 vecti·

105 1900 218 1980 galibus
240 1901 276 1962 ad
298 1900 497 1962 liberalitatem
520 1910 607 1962 utens
628 1901 716 1962 etiam
738 1901 801 1961 sine
824 1902 878 1962 hac
899 1901 1025 1980 Pyladea
1051 1902 1177 1963 amicitia

105 1986 269 2046 multorum
290 1994 318 2046 te
346 1986 547 2047 benevolentia
584 1986 730 2064 praeclare
760 1985 880 2047 tuebere
911 1994 941 2047 et
973 1986 1098 2047 munies.
1140 1988 1225 2048 Atat

105 2071 225 2148 quicum
255 2071 319 2131 ioca
342 2071 425 2144 seria,
450 2071 762 2149 utdicitur,1quicum
784 2089 897 2143 arcana,
920 2071 1041 2149 quicum
1065 2072 1177 2132 occulta

105 2151 229 2216 omnia?
271 2156 382 2217 Tecum
414 2157 538 2235 optime,
567 2155 672 2216 deinde
693 2155 780 2216 etiam
804 2174 873 2217 cum
902 2156 1045 2217 mediocri
1072 2156 1177 2217 amico.

104 2240 162 2302 Sed
179 2243 225 2301 lac
245 2240 299 2301 ista
316 2260 380 2302 esse
401 2259 464 2301 non
483 2241 662 2319 importuna,
682 2241 753 2320 quid
775 2241 812 2302 ad
835 2241 985 2303 utilitatem
1005 2249 1100 2303 antae
1122 2258 1176 2320 pc-

105 2323 234 2387 cuniae?
275 2326 362 2387 Vides
383 2327 480 2405 igitur,
502 2327 527 2386 si
547 2326 701 2387 amicitiam
725 2343 778 2387 sua
801 2327 917 2388 caritate
940 2327 1075 2400 metiore,
1105 2326 1178 2388 nihil

104 2429 168 2471 esse
190 2412 401 2490 praestantium
425 2411 470 2472 sin
490 2411 700 2483 emolumento,
715 2428 847 2472 summas
864 2412 1068 2473 familiaritates
1089 2429 1176 2490 prae·

104 2495 222 2556 diorum
237 2499 460 2557 fructuosorum
475 2497 611 2557 mercede
627 2495 768 2576 superari.
798 2496 844 2556 Me
865 2496 954 2576 igitur
975 2496 1075 2576 ipsum
1096 2514 1177 2557 ames

103 2589 228 2660 oportet,
252 2599 314 2641 non
337 2600 410 2654 mea,
433 2581 458 2641 si
479 2581 541 2641 veri
563 2582 648 2642 amici
669 2581 761 2641 futuri
781 2598 896 2641 sumus.

189 2665 246 2728 Sed
268 2667 299 2726 in
323 2666 412 2726 rebus
434 2666 626 2745 apertissimis
649 2665 774 2725 nimium
794 2665 874 2744 longi
896 2683 1009 2726 sumus.
1040 2665 1175 2725 Perfecto
1190 2667 1237 2734 27

133 2835 220 2900 pratia]
236 2834 307 2884 Hand
325 2833 356 2897 ΙΙ,
375 2837 433 2897 Ί56,
452 2833 497 2884 Na.
517 2838 539 2889 7.
699 2834 830 2899 umtipalm]
858 2848 907 2883 von
934 2830 1177 2884 Privateiolriinltcn.

134 2901 615 2966 Aemo]‚‚oderistesinder'l'bat
666 2903 696 2952 de
715 2901 755 2952 off.
774 2900 805 2965 11,
824 2903 866 2966 25,
884 2903 925 2954 88.
943 2903 975 2952 ad
991 2902 1045 2952 Ata.
1058 2900 1116 2966 XII,
1138 2904 1177 2965 ta,

101 2973 170 3022 ater
200 2987 245 3038 pro
263 2970 316 3022 Mil.
343 2974 383 3034 12,
402 2974 448 3024 33:
479 2972 517 3020 Aa
543 2986 613 3033 vcro,
669 2974 690 3024 1.
712 2969 802 3020 Parad
821 2968 863 3033 VI,
883 2972 907 3033 3,
925 2973 967 3023 49.

101 3039 203 3104 iudices,
217 3055 262 3090 ros
274 3039 323 3090 soli
333 3040 457 3106 ignoratis
472 3045 520 3090 cet.
543 3039 615 3089 Hand
702 3040 741 3090 85.
760 3042 810 3089 ioca
826 3040 897 3101 acria]
921 3037 1001 3102 „Lcid
1019 3056 1042 3089 o.
1060 3035 1178 3089 Fraud’“.

101 3108 120 3171 l,
140 3111 199 3172 348,
217 3107 261 3159 Na.
280 3111 303 3161 8.
666 3105 727 3157 Sall.
745 3107 800 3171 lug.
820 3109 862 3169 96,
882 3108 910 3159 3:
934 3107 990 3157 ioca
1014 3113 1088 3173 atquc
1112 3106 1178 3157 soria

135 3178 237 3239 insum]
264 3175 376 3240 aanor,
400 3176 441 3226 die
464 3192 496 3226 an
516 3176 614 3226 ‘irmere
666 3191 720 3226 eum
738 3174 882 3226 humillimis
899 3191 982 3241 agore.
1012 3172 1015 3178 ’

101 3244 459 3305 lautercrmiotlretwurdon
475 3246 526 3295 und
540 3243 615 3294 somit
700 3247 756 3306 cap.
775 3247 890 3295 XXVII.
926 3244 986 3295 Wie
1006 3259 1055 3292 nun
1076 3241 1117 3293 boi
1134 3243 1179 3293 der

101 3313 161 3365 Zins
179 3313 315 3378 cinti-agon.
341 3315 374 3364 ad
387 3312 441 3364 Att,
452 3313 512 3376 XV,
531 3316 570 3375 l'l,
591 3315 613 3365 l.
666 3311 851 3379 epicureiscban
875 3312 956 3363 Lohro
974 3312 1058 3362 wodor
1075 3309 1178 3375 Tagend

136 3385 178 3436 84.
196 3383 300 3434 maora
314 3383 440 3448 precaria]
462 3381 561 3431 Puteoli
581 3395 613 3430 nn
665 3382 729 3430 noclr
746 3378 929 3432 Frenndschalt
951 3380 1069 3429 bestehen
1088 3378 1178 3442 iliano,

101 3451 147 3501 der
162 3450 352 3517 canpaniscben
372 3449 451 3501 liliata
468 3465 524 3499 war
544 3449 614 3500 einer
665 3465 694 3499 so
711 3448 776 3513 licge
790 3464 817 3500 es
831 3450 895 3499 anob
909 3447 979 3497 nicht
995 3446 1022 3496 in
1037 3446 1082 3497 der
1093 3445 1178 3497 Macht

87 3514 147 3570 'der
158 3519 359 3571 >mannua
377 3517 548 3586 Stapclpllitzo
567 3533 613 3567 na·
665 3518 709 3568 des
723 3516 828 3568 Wolscn
845 3523 912 3568 stota·
923 3515 1049 3580 gliicklicb
1066 3531 1098 3566 zu
1114 3515 1178 3577 sain,

100 3587 219 3638 montlich
251 3585 293 3639 fiir
322 3589 368 3639 don
396 3585 615 3649 Getreidehnndel,
666 3601 740 3636 wenn
757 3585 796 3637 die
814 3591 921 3647 voluptas
941 3585 986 3634 das
1003 3584 1107 3634 bdehste
1126 3582 1178 3634 Gut

100 3671 129 3706 so
153 3656 212 3707 dass
234 3656 289 3707 siclt
312 3657 369 3707 dert
389 3654 525 3720 jodcnlalls
549 3654 615 3704 viole
666 3654 716 3715 sei,
746 3655 795 3704 und
824 3655 870 3704 dor
892 3652 980 3704 Weiss
1009 3654 1090 3703 misse
1113 3652 1178 3701 doch

100 3724 150 3775 und
162 3740 249 3790 grosse
261 3725 380 3791 Spoieber
392 3725 452 3775 oder
464 3722 614 3774 liornbb'den
666 3721 792 3787 pliiokliclr
827 3723 877 3772 und
913 3736 982 3771 nwar
1016 3719 1179 3772 iortdauornd

101 3791 232 3845 boianden.
261 3795 293 3844 ad
310 3792 364 3844 Att„
382 3793 414 3856 V,
434 3795 458 3857 2,
477 3795 506 3844 2:
530 3807 614 3857 empo-
667 3790 793 3856 pllioklicb
815 3789 876 3842 scin.
908 3790 954 3841 uia
971 3793 1080 3853 comm
1096 3787 1178 3838 kdnne

101 3861 166 3913 mom
184 3860 383 3914 Puteolanorum.
668 3858 775 3910 n'dndich
792 3859 909 3910 var-lorea
926 3859 1021 3924 geben,
1039 3856 1080 3908 ihr
1097 3855 1180 3907 uestro.
