2632 4516
166 261 207 326 76
525 258 558 309 Μ.
576 181 686 308 udum]
704 255 876 308 CICERONIS

165 417 202 477 sit
223 415 346 486 bonnm,
370 448 411 456 -
433 432 496 474 eam
519 421 616 473 autem
639 413 677 473 ita
699 412 895 491 persequitur,
919 429 993 490 quae
1022 410 1117 489 palate
1140 408 1239 489 perci-

165 501 276 580 piatur,
308 518 383 578 quae
414 499 551 569 auribus3
583 507 676 558 cetera
705 496 796 568 addit,
826 515 900 575 quae
929 496 954 557 si
982 496 1120 574 appelles,
1141 495 1240 555 henes

164 585 344 664 praefandus
366 585 403 644 sit
431 603 487 643 -t
509 584 567 643 hcc
588 583 684 662 igitur,
707 583 788 661 qued
820 582 918 642 selum
939 580 1053 641 bunum
1073 598 1195 642 severus
1213 588 1242 640 et

166 671 261 750 gravis
284 669 479 749 philosophus
502 669 591 741 nevit,
614 668 692 727 idem
714 685 776 726 nen
798 667 877 726 videt
897 686 938 726 ne
949 666 1148 745 expetendum
1170 665 1240 744 qui-

166 757 234 816 dem
257 774 330 826 esse,
352 755 433 832 qued
456 772 520 813 eam
535 754 713 831 voluptatem
733 753 790 811 hcc
811 752 914 811 eedem
937 759 1057 811 auctore
1075 768 1137 811 ncn
1159 750 1240 811 desi-

167 842 314 912 deremus,
337 857 405 898 cum
429 838 531 898 delore
554 855 714 898 careamus.
759 837 854 909 Quam
876 838 948 897 haec·
977 845 1048 896 sunt
1076 833 1239 897 centraria!

120 937 153 988 30
168 927 222 986 Hic
247 926 272 986 si
291 924 421 995 definire,
441 923 466 983 si
489 923 617 983 dividere
636 921 793 994 didicisset,
815 921 840 981 si
858 920 999 1000 loquendi
1021 921 1090 994 vim,
1113 920 1138 982 si
1152 921 1240 981 deni·

168 1030 226 1090 quc
256 1009 501 1070 consuetudinem
532 1007 693 1068 verberum
729 1015 858 1079 teneret,
894 1023 1047 1085 nunquam
1081 1006 1112 1066 in
1145 1013 1240 1067 tantas

168 1095 295 1156 salebras
316 1093 474 1153 incidisset.
517 1094 603 1154 Nunc
623 1092 713 1164 vides,
730 1092 800 1170 quid
821 1092 912 1152 faciat.
950 1092 1048 1164 Quam
1068 1108 1157 1152 neme
1180 1109 1240 1151 un·

168 1198 258 1259 quam
284 1179 461 1257 voluptatem
488 1178 650 1257 appellavit,
679 1177 818 1256 appellat3
847 1195 922 1255 quae
951 1176 1012 1236 due
1042 1184 1120 1248 sunt,
1145 1192 1241 1236 unum

168 1265 244 1325 facit.
290 1264 372 1324 Hanc
399 1263 431 1323 in
461 1272 544 1322 metu
565 1263 744 1341 voluptatem
766 1296 808 1305 -
831 1262 873 1322 sic
895 1262 974 1322 enim
1003 1261 1056 1321 has
1085 1260 1183 1322 suavis
1212 1269 1242 1320 et

168 1349 252 1429 quasi
275 1349 368 1409 dulcis
390 1348 553 1426 voluptates
583 1348 707 1426 appellat
729 1382 770 1390 —
792 1347 941 1407 interdum
971 1347 1010 1407 ita
1039 1352 1185 1416 extenuat,
1208 1355 1243 1406 ut

167 1437 215 1498 M’.
236 1434 358 1495 Curium
380 1441 465 1512 putes
481 1433 571 1511 loqui,
593 1432 743 1492 interdum
764 1432 802 1492 ita
816 1432 922 1504 laudat,
941 1439 983 1509 ut,
1003 1431 1074 1510 qnid
1090 1439 1241 1510 praeterea

168 1520 206 1580 sit
231 1520 354 1590 henum,
386 1524 472 1596 neget
500 1536 532 1577 se
561 1536 649 1596 pesse
679 1535 717 1577 ne
746 1517 888 1595 suspicari
917 1516 1053 1596 quidem;
1084 1532 1161 1594 quae
1182 1515 1241 1576 iam

169 1605 261 1664 oratic
290 1621 351 1662 ncn
379 1621 395 1662 a
424 1602 600 1681 philosophe
629 1601 737 1680 alique,
766 1601 817 1662 sed
847 1620 863 1663 a
886 1597 1017 1662 *censere
1044 1600 1241 1679 opprimenda

168 1696 227 1760 est;
256 1706 319 1747 nen
349 1695 391 1747 est
421 1687 500 1747 enim
530 1687 633 1747 vitium
656 1687 689 1746 in
718 1686 849 1748 eratione
878 1687 984 1760 solum,
1013 1686 1067 1746 sed
1095 1686 1183 1747 etiam
1210 1685 1242 1745 in

170 1773 311 1835 muribus.
354 1771 516 1833 Luxuriam
538 1790 600 1832 nen
619 1772 816 1850 reprehendit,
838 1772 928 1832 mcdc
951 1771 988 1831 sit
1009 1789 1100 1831 vacua
1128 1770 1242 1832 infinita

169 1859 325 1938 cupiditate
348 1865 376 1918 et
396 1858 510 1918 timere.
542 1858 606 1918 Hcc
628 1858 693 1917 lece
716 1857 875 1936 discipules
896 1873 1038 1936 quaerere
1061 1855 1185 1928 videtur,
1210 1863 1245 1916 ut

170 1945 221 2023 qui
243 1945 316 2005 asoti
335 1962 399 2004 esse
421 1944 510 2004 velint
530 1943 697 2022 philesophi
719 1951 785 2003 ante
808 1942 886 2002 fiant.

121 2039 154 2088 31
255 2029 279 2088 A
302 2030 408 2106 prinae,
423 2038 456 2088 ut
478 2029 593 2107 cpincr,
610 2028 802 2088 animantium
822 2037 888 2087 ortu
902 2027 1011 2105 petitur
1031 2026 1114 2104 erige
1129 2025 1242 2086 summi

170 2115 249 2174 beni.
292 2114 385 2174 Simul
407 2121 493 2192 atque
516 2120 617 2172 natum
640 2112 746 2172 animal
767 2120 819 2184 est
842 2112 948 2191 gaudet
964 2111 1112 2190 veluptate
1133 2118 1162 2170 et
1176 2128 1243 2171 eam

170 2199 279 2277 appetit
300 2207 339 2258 ut
368 2198 491 2269 henum,
517 2206 689 2274 aspernatur
718 2197 850 2256 delerem
878 2207 911 2257 ut
933 2197 1052 2257 malum.
1094 2197 1137 2256 Dc
1158 2195 1243 2255 malis

170 2292 268 2344 autem
291 2291 319 2342 et
340 2281 427 2342 hunis
449 2280 486 2341 ab
507 2282 542 2341 iis
559 2281 741 2354 animalibus,
759 2300 834 2360 quae
848 2282 984 2343 ncndum
1004 2280 1159 2359 depravata
1174 2280 1243 2354 sint,

169 2368 210 2429 ait
239 2367 348 2446 cptime
375 2365 505 2427 iudicari.
551 2366 629 2426 Haec
655 2374 684 2426 et
711 2374 743 2427 tu
773 2366 811 2427 ita
838 2367 963 2446 posuisti
985 2375 1014 2427 et
1034 2365 1123 2428 verba
1145 2373 1244 2427 restra

169 2461 248 2514 sunt
291 2453 387 2525 Quam
409 2453 498 2512 multa
521 2449 639 2512 vitiosa!
669 2452 826 2512 Summum
849 2453 927 2513 enim
949 2452 1064 2513 henum
1085 2459 1114 2512 et
1131 2451 1243 2512 malum

204 2682 279 2724 cetera
296 2672 371 2734 addit]
389 2687 410 2721 c.
430 2673 453 2734 3,
473 2674 495 2723 7.
731 2688 762 2720 zu
785 2672 878 2722 seinem
902 2672 1022 2722 hiiehsten
1045 2670 1126 2733 Gute,
1151 2671 1197 2721 das
1215 2685 1244 2721 cr

205 2745 278 2792 honor
292 2742 444 2805 praefandus
456 2740 495 2802 rit]
512 2739 544 2788 ed
561 2737 621 2789 fam.
632 2737 679 2802 lX,
731 2740 756 2789 in
775 2740 814 2791 die
826 2736 1061 2804 Schmerzlesigkeit
1074 2745 1157 2802 setam
1175 2736 1243 2791 fasse

170 2813 213 2870 23,
232 2814 260 2862 4:
279 2809 330 2860 Nos
348 2815 431 2858 autem
448 2806 561 2870 ridicule,
580 2807 603 2857 si
616 2806 680 2856 dici·
732 2823 760 2858 er
785 2806 825 2858 die
856 2804 942 2874 ἡδονή
974 2808 1036 2859 aber
1064 2804 1111 2859 auf
1137 2807 1175 2858 uls
1202 2806 1243 2858 die

171 2894 232 2938 mus,
251 2877 295 2927 ille
307 2884 403 2942 patrem
411 2875 587 2939 strangulavit,
600 2876 680 2925 hene·
732 2872 968 2945 καταστηματική,
985 2893 1013 2926 se
1030 2876 1067 2927 sci
1085 2876 1130 2926 das
1147 2875 1245 2927 wieder

171 2960 223 2996 rem
241 2961 288 2994 nen
306 2944 455 3012 praefamur,
473 2945 512 2994 sin
531 2944 560 2995 dc
578 2942 681 2994 Aurelia
731 2952 826 3008 etwas,
859 2961 913 2996 was
936 2945 1026 2996 keineu
1043 2943 1133 3007 Tricb‚
1159 2942 1244 2995 niehts

171 3013 264 3078 aliquid
278 3019 321 3064 aut
335 3013 425 3077 Lollia,
443 3014 521 3063 henes
532 3010 680 3078 praefandus
731 3013 883 3065 Treibendes
906 3014 1033 3078 enthaltc3
1061 3012 1184 3064 melmelu·
1205 3012 1244 3064 sei

171 3086 218 3132 est.
732 3083 776 3132 der
805 3088 872 3133 crste
901 3081 1049 3134 Naturtriclt
1076 3083 1122 3132 der
1147 3080 1245 3135 setun·

207 3152 247 3201 30.
272 3145 324 3200 Μ’.
352 3149 448 3210 Ourima]
473 3148 609 3211 Dentatus,
637 3150 682 3199 der
732 3151 959 3216 crhaltungstrieb3
995 3151 1027 3201 ch
1062 3150 1146 3202 dieser
1179 3149 1244 3200 anch

171 3217 288 3282 Besiegcr
306 3217 349 3267 des
367 3215 479 3282 Pyrrhus
498 3219 556 3277 (275
576 3233 599 3267 v.
615 3216 681 3280 Chr.)
732 3218 778 3269 auf
793 3219 833 3269 die
850 3223 958 3282 voluptas
976 3219 1103 3285 gerichtet
1119 3217 1170 3281 aei,
1198 3216 1243 3269 tlua

171 3286 335 3351 vghluveual
352 3288 376 3348 2,
396 3287 424 3337 3:
442 3283 485 3350 qui
499 3284 587 3336 Curios
604 3284 681 3336 simu·
732 3287 768 3338 sei
804 3287 843 3338 die
879 3303 965 3352 grosse
999 3286 1082 3354 Frage
1112 3280 1163 3338 und
1193 3300 1244 3336 ven

171 3356 227 3405 lant
244 3361 270 3406 at
287 3353 454 3405 Bacchanalia
470 3352 567 3404 vivunt.
733 3355 815 3406 dieser
832 3357 913 3407 miissc
935 3373 993 3408 man
1016 3356 1057 3409 hel
1074 3357 1119 3408 der
1131 3353 1244 3418 Restitu-

206 3441 267 3488 quae
284 3428 333 3475 mm
351 3425 428 3474 oratio
445 3422 503 3485 cet]
526 3422 577 3486 rgl.
601 3421 620 3486 l,
642 3425 681 3487 16,
732 3441 807 3489 mung
825 3424 868 3475 des
886 3426 1006 3477 htichsten
1019 3425 1125 3477 Getasa
1171 3422 1244 3474 eheu

173 3495 214 3545 51.
733 3492 839 3544 Hierenf
852 3494 917 3545 l'dsst
935 3494 962 3545 C.
981 3495 1036 3545 ciue
1053 3495 1130 3561 kene
1169 3490 1244 3543 ehen-

207 3563 262 3621 dap.
280 3562 314 3623 X,
332 3559 464 3621 31-ΧῙῙ,
483 3559 524 3610 35.
559 3556 588 3608 Ε.
606 3558 682 3609 welle
732 3562 799 3613 sicht
815 3561 865 3612 und
876 3562 1062 3627 Classidciruug
1078 3560 1123 3613 der
1134 3559 1245 3611 Ansich-

173 3628 218 3678 das
244 3628 347 3677 h'dclrste
372 3626 423 3677 Gut
446 3642 491 3678 aus
514 3625 569 3676 dem
598 3632 682 3677 ersten
733 3637 776 3682 ten
794 3631 839 3681 der
856 3632 1059 3697 verziiglichsten
1075 3624 1245 3699 Philosophen

172 3695 336 3747 Naturtrlehe
359 3694 483 3759 ablutae,
508 3695 553 3745 der
576 3692 622 3745 auf
642 3695 682 3745 die
733 3698 824 3763 folgen.

170 3770 287 3829 voluptas,
304 3758 398 3830 ἡδονή,
416 3764 598 3828 gerichtetsei3
616 3761 683 3815 fasse
769 3769 809 3820 31.
827 3778 854 3818 uc
872 3769 964 3831 opinor]
983 3768 1033 3832 vgl.
1052 3768 1121 3820 Leal
1138 3768 1183 3833 23,
1202 3770 1244 3822 88.

173 3848 201 3884 er
225 3852 274 3884 uun
297 3833 359 3883 eber
381 3832 449 3883 diese
471 3827 559 3899 ἡδονή
583 3830 630 3883 auf
644 3833 682 3884 als
733 3852 758 3885 u.
777 3851 799 3885 e.

173 3903 212 3952 die
230 3903 260 3956 ἐν
277 3899 392 3970 κινήσει,
416 3917 445 3952 se
462 3917 534 3966 passe
552 3903 596 3952 das
614 3901 683 3954 nicht
768 3905 933 3970 Simulatque
951 3906 1007 3967 cat]
1024 3920 1044 3954 s.
1063 3904 1082 3968 1,
1100 3907 1125 3968 9,
1144 3906 1185 3958 30.
