2632 4516
158 259 223 325 110
506 257 548 309 1
566 255 676 309 runnu
695 255 866 308 crounoms
970 267 973 271 ·

157 416 231 475 laus.
277 410 553 496 Compeoaobotur,
573 412 682 496 iuquit,
702 433 772 474 cum
789 409 916 473 eumme'e
934 408 1092 473 1111111111
1107 408 1232 472 11111111.

109 499 144 554 98
158 499 254 561 Audio
270 499 408 577 equidem
423 499 592 578 philosophi
606 515 720 569 vocem,
738 496 883 576 Epicure;
903 495 955 557 sed
970 494 1041 573 quid
1063 494 1116 556 tibi
1130 494 1232 555 dicem

158 585 231 645 dum
250 584 288 644 sit
309 583 415 645 oblitus
437 603 478 644 es.
520 583 655 643 Primum
676 582 765 654 enim,
788 580 813 642 si
838 598 907 642 vera
935 588 1006 642 sunt
1024 598 1074 656 ea,
1102 597 1233 659 quorum

157 669 362 730 recordatione
384 676 412 729 te
432 668 559 747 gaudere
575 668 656 740 dicis,
679 668 736 728 hoc
756 674 809 739 est,
831 665 857 727 si
878 684 947 726 rera
962 674 1033 726 sunt
1055 673 1105 726 tua
1125 664 1234 743 scripta

157 763 187 816 et
212 754 341 827 inventa,
369 754 497 833 gaudere
524 771 585 814 non
614 760 709 832 potes.
750 751 828 813 Nihil
848 751 929 812 euim
949 750 1009 811 iam
1030 749 1130 822 habes,
1151 748 1233 829 quod

158 839 195 900 ad
215 856 325 918 eorpus
345 841 473 912 referas3
496 846 540 899 est
556 846 655 899 autem
677 857 694 898 a
713 844 742 898 te
762 855 880 915 semper
896 836 1009 897 diuum
1028 853 1086 896 nec
1106 833 1233 914 gaudere

158 941 339 1003 quemquam
359 923 417 984 nisi
436 931 559 1002 propter
581 940 689 1001 eorpus
709 939 764 982 neo
785 921 894 982 dolere.
924 918 1116 993 Praetorius,
1128 919 1233 998 inquit,

156 1009 286 1091 gaudeo.
331 1008 518 1081 Quibusnam
539 1003 726 1087 praeteritis?
765 1007 797 1068 Si
815 1007 852 1067 ad
876 1024 987 1084 eorpus
1008 1003 1233 1084 pertinentibus,

158 1093 288 1154 rationes
315 1101 381 1154 tuas
411 1101 437 1154 te
463 1093 549 1154 video
578 1110 771 1171 compensare
794 1109 863 1152 cum
891 1091 956 1152 istis
985 1089 1147 1163 doloribus,
1169 1107 1232 1150 non

160 1177 335 1239 memoriam
355 1195 481 1257 corpore
495 1186 701 1258 perceptarum
717 1177 917 1255 voluptatum
937 1176 985 1238 sin
1000 1183 1100 1237 autem
1114 1175 1151 1235 ad
1165 1173 1232 1235 ani-

159 1281 252 1335 mum,
275 1263 381 1324 falsum
403 1271 448 1324 est
469 1263 549 1342 quod
564 1281 653 1342 negas
671 1261 762 1323 animi
782 1262 875 1322 ullum
895 1280 960 1322 esse
980 1260 1130 1341 gaudium,
1151 1258 1232 1339 quod

159 1366 222 1409 non
244 1350 389 1409 referatur
409 1348 445 1409 ad
468 1366 587 1426 eorpus.
631 1348 691 1409 Cur
713 1346 819 1408 deinde
837 1347 997 1408 Metrodori
1015 1345 1126 1406 liberm
1147 1362 1232 1405 com-

161 1429 306 1494 mendas?
349 1432 427 1506 Quid
449 1432 482 1494 eia
504 1433 560 1493 isto
583 1433 701 1511 egregio
722 1440 774 1493 tuo
791 1431 889 1492 officio
904 1439 934 1492 et
952 1439 1032 1493 tanta
1051 1430 1109 1491 tide
1133 1429 1233 1490 —sic

160 1518 239 1579 enim
261 1517 396 1578 existimo
417 1551 460 1561 -
481 1516 517 1577 ad
540 1536 649 1596 eorpus
671 1514 790 1578 refers?
834 1517 901 1577 Huc
929 1525 958 1578 et
976 1516 1054 1588 illuc,
1074 1515 1232 1593 Torquate,

161 1621 214 1663 vos
238 1602 359 1663 versetis
379 1601 465 1674 licet,
478 1602 551 1662 nihil
571 1602 603 1661 in
625 1602 680 1662 hac
707 1601 855 1680 praeclara
882 1601 1005 1680 epistula
1031 1600 1176 1679 seriptum
1196 1598 1233 1659 ab

159 1687 288 1766 Epicuro
309 1704 476 1765 congruens
497 1696 526 1747 et
546 1687 726 1748 conveniens
749 1687 872 1748 decretis
901 1687 964 1748 eius
989 1685 1150 1765 reperietis.
1168 1721 1172 1731 ,
1192 1685 1235 1746 lta

159 1771 345 1851 redarguitur
363 1773 426 1850 ipse
447 1790 510 1832 ase
532 1772 752 1851 vincunturque
773 1772 881 1851 scripta
899 1771 963 1833 eius
976 1771 1120 1851 probitate
1138 1769 1233 1848 ipsius

159 1876 193 1918 ac
223 1857 366 1918 moribus.
407 1857 483 1918 Nam
507 1857 562 1919 ista
591 1857 807 1918 commendatio
833 1872 1007 1935 puerorum,
1037 1855 1179 1916 memoria
1206 1863 1235 1915 et

159 1942 263 2004 caritas
284 1942 432 2014 nunninae,
447 1960 637 2004 summorum
650 1942 820 2003 officiorum
828 1943 865 2002 in
886 1949 1017 2004 extremo
1039 1941 1143 2021 spiritu
1159 1957 1233 2000 con-

153 2028 284 2088 servatio
305 2027 413 2088 indicat
431 2027 562 2088 innatam
584 2045 648 2088 esse
669 2027 783 2089 bomini
796 2027 972 2106 probitatem
985 2027 1149 2106 gratuitam,
1170 2043 1234 2085 non

158 2113 308 2173 invitatam
328 2112 528 2191 voluptatibus
550 2131 605 2174 nee
633 2112 835 2190 praemiorum
865 2112 1053 2173 mercedibus
1074 2118 1233 2172 evocatam.

160 2197 248 2270 Quod
278 2197 357 2256 enim
384 2197 587 2258 testimonium
615 2197 710 2258 maius
740 2197 920 2275 quaerimus,
954 2215 1029 2276 quae
1060 2197 1184 2257 honesta
1205 2203 1235 2256 et

159 2289 239 2341 reeta
259 2281 328 2354 gsiut
358 2281 421 2359 ipsa
449 2300 513 2342 esse
543 2281 678 2360 optabilia
700 2301 754 2361 per
775 2301 849 2355 sese,
880 2300 949 2343 oum
980 2282 1134 2344 videamus
1154 2288 1234 2342 tanta

161 2365 257 2425 officia
278 2362 455 2427 morientis?

98 2473 147 2525 100
246 2451 312 2523 Sed,
342 2459 375 2511 ut
405 2450 559 2530 epistulam
587 2449 764 2514 laudandam
785 2449 913 2512 arbitror
935 2469 1008 2524 eam,
1031 2469 1121 2530 quam
1143 2449 1233 2511 modo

160 2536 283 2596 totidem
301 2537 375 2610 alere
406 2536 503 2614 verbis
532 2535 740 2614 interpretatus
769 2552 853 2608 sum,
889 2552 1059 2614 quanquam
1095 2555 1129 2596 ea
1164 2553 1234 2596 enm

161 2639 277 2682 summa
298 2620 361 2681 eius
383 2621 584 2700 philosophiae
603 2618 684 2680 nullo
707 2619 798 2680 modo
827 2620 1015 2699 congruebat,
1037 2619 1079 2681 sic
1101 2620 1233 2681 eiusdem

160 2713 367 2768 testamentum
389 2725 451 2767 non
474 2706 572 2766 solum
594 2727 613 2766 o
635 2705 804 2784 philosophi
833 2705 978 2785 gravitate,
1006 2705 1056 2766 sed
1086 2705 1173 2766 etiam
1197 2705 1233 2766 ab
1274 2733 1285 2782 j

160 2790 253 2868 ipsius
286 2791 429 2857 sententia
456 2786 554 2853 iudico
583 2790 760 2869 discrepare.
812 2791 935 2871 Scripsit
965 2790 1045 2852 enim
1076 2799 1105 2851 et
1134 2789 1234 2852 multis

161 2892 249 2953 saepe
270 2874 366 2936 verbis
389 2875 557 2937 utbreviter
571 2883 695 2954 apteque
716 2876 747 2936 in
767 2894 802 2936 eo
818 2875 904 2949 libro,
925 2894 1015 2955 quem
1030 2876 1118 2936 mode
1134 2877 1234 2937 nomi-

100 1481 145 1544 tn

112 1569 146 1621 ue

162 3008 237 3058 coro.
255 3008 365 3072 moreio,
384 3025 432 3059 no
449 3010 506 3059 11
523 3010 542 3059 1
560 3025 584 3059 u.
598 3007 619 3058 1
636 3012 672 3060 o·-
721 3008 832 3075 purgor,
851 3011 896 3061 oo
911 3011 945 3061 uo
957 3010 1025 3062 rouo
1038 3010 1079 3062 un
1090 3000 1235 3075 genuum

159 3076 361 3138 dabaturhaben,
376 3092 430 3128 was
443 3093 483 3127 am
497 3076 572 3128 Sione
591 3076 673 3127 nichts
723 3076 853 3129 Auihiireu
871 3080 913 3130 des
936 3079 1042 3131 Daseius
1064 3080 1141 3143 ribo,
1162 3095 1234 3147 passe

143 3146 259 3195 ‘iindort
724 3161 751 3197 es
775 3146 860 3210 nicht,
883 3145 1021 3213 sorgia'ltig
1041 3145 1083 3200 tar
1104 3149 1160 3200 sein
1179 3149 1235 3199 An-

196 3217 237 3267 99.
254 3214 437 3276 vincunturque]
452 3213 498 3262 mit
509 3213 576 3263 allon
587 3213 672 3263 Hand·
724 3215 820 3266 deuken
831 3216 894 3266 ‘und
916 3215 957 3266 die
979 3215 1055 3268 Feier
1076 3217 1159 3269 mines
1183 3215 1235 3268 Ge-

162 3280 291 3333 scbriibeo.
309 3281 594 3346 Zusammougozogener
606 3280 672 3332 Aus-
723 3283 866 3347 burtstages
883 3283 1069 3351 Anorduungou
1088 3303 1120 3338 zu
1136 3285 1234 3338 treffeu.

161 3352 241 3402 druck
269 3349 319 3401 wie
350 3350 392 3401 boi
420 3349 588 3415 Vergleicheu
619 3347 674 3401 fiir:
741 3354 817 3405 2100.
834 3369 927 3404 summo
944 3359 995 3407 111
1007 3357 1180 3418 pbrbropbaiu]
1206 3370 1235 3405 so
1277 3359 1281 3365 '

148 3424 312 3482 ,minuuntur
328 3423 418 3483 acriptu
435 3423 486 3470 eiua
502 3422 532 3469 ab
549 3423 601 3482 {pm
614 3436 674 3482 pro-
725 3419 823 3485 Baitar3
835 3422 886 3486 ng
901 3420 918 3487 ᾖ
932 3425 972 3476 86.
987 3423 1046 3475 (iod.
1057 3423 1236 3488 Apbstoropbr',

161 3489 258 3540 briew‘.
286 3488 338 3553 vgl.
362 3489 392 3539 de
414 3503 466 3554 rep.
490 3486 533 3551 vl,
562 3490 601 3550 16,
628 3491 673 3541 16:
724 3489 914 3553 llpbtloaopbrir.

162 3555 298 3607 Stellarum
316 3563 399 3607 autern
415 3556 483 3620 globi
499 3563 585 3608 terrae
601 3571 673 3622 mag·
758 3560 863 3624 aptaque]
886 3558 951 3610 nach
969 3560 1030 3611 Cod
1046 3558 1070 3609 Α
1086 3562 1167 3624 ‚,kurz
1184 3562 1236 3611 und

162 3624 299 3675 nitudioem
310 3624 385 3676 facile
397 3626 537 3676 vincebant.
552 3624 609 3689 Vgl.
619 3641 673 3675 zum
723 3626 834 3692 biindig“
852 3627 931 3690 (nicht
948 3629 1110 3694 ‚,pasaeud“),
1136 3629 1186 3693 vgl.
1205 3630 1236 3680 de

163 3692 299 3745 Godanken
323 3693 386 3744 oben
409 3710 430 3745 e.
452 3697 494 3758 25,
519 3696 566 3747 81:
590 3691 673 3744 lacere
724 3710 761 3745 or.
778 3694 809 3758 ΙΙ,
831 3699 870 3760 13,
889 3700 934 3749 56:
952 3696 1110 3764 Thucydides
1123 3725 1157 3735 ·-
1174 3713 1236 3748 ver-

161 3761 251 3813 melius
268 3777 340 3827 quam
358 3763 448 3814 dicere.
723 3763 762 3814 bis
786 3771 858 3830 uptus
881 3771 907 3816 et
929 3781 1040 3830 prossus3
1066 3777 1147 3830 aperto
1168 3767 1235 3817 kann

196 3833 253 3892 cap.
271 3833 373 3896 XXXI,
392 3831 545 3884 tou-103.
568 3830 673 3897 Epicurs
725 3832 777 3883 Cio.
799 3833 941 3898 unmbglich
962 3835 1124 3899 geschrieben
1141 3835 1234 3896 babeo,

161 3897 306 3950 Testamout
324 3899 388 3951 wird
405 3901 530 3966 getadelt3
553 3897 673 3952 111111-
725 3901 776 3966 vgl
796 3906 931 3969 alcumena.
