2634 4478
152 274 340 328 nunninus
358 273 517 326 cononem
533 273 577 325 nr
593 272 758 325 nsnonun
774 271 806 338 n,
824 276 849 337 c,
870 277 909 327 1s.
930 277 968 327 19.
987 277 1011 336 τ,
1030 276 1070 327 ro.
1124 273 1164 339 59

88 428 256 503 coniunxit,
276 429 406 509 Callipho
428 429 560 491 adiunxit
577 429 614 490 ad
636 429 820 490 honestatem
841 428 1029 507 voluptatem,
1051 429 1163 490 Diodo-

91 532 145 575 rus
164 514 202 575 ad
222 515 346 575 eandem
367 516 550 576 honestatem
580 514 690 575 addidit
719 515 892 575 vacuitatem
918 514 1037 574 doloris.
1082 514 1164 574 ldem

91 599 211 661 lecisset
223 599 379 677 Epicurus,
398 601 423 661 si
439 600 612 661 sententiam
631 599 715 672 hanc,
734 617 809 678 quae
825 617 907 660 nunc
923 599 1095 679 Hieronymi
1111 608 1164 672 est,

90 684 294 746 coniunxisset
312 703 380 745 cum
399 685 539 763 Aristippi
559 693 656 745 vetere
678 685 828 745 sententia.
873 684 916 744 llli
937 684 1017 743 enim
1037 684 1164 744 intense

91 768 285 842 dissentiunt;
307 778 462 849 propterea
480 770 602 849 singulis
618 767 726 829 finibus
746 777 871 830 utuntur
892 776 928 840 et,
950 787 1019 828 cum
1039 779 1164 847 uterque

89 854 202 915 Gmeoo
220 855 337 933 egregie
354 855 500 934 loquatur,
524 873 579 914 nec
597 854 772 932 Aristippus,
799 856 851 933 qui
877 853 1055 933 voluptatem
1078 871 1163 913 sum-

91 956 177 1001 mum
197 938 311 999 honum
330 940 407 1013 dicit,
425 940 457 1000 in
476 941 623 1019 voluptate
638 939 722 1018 ponit
737 957 799 999 non
815 940 924 1011 dolere,
944 956 1041 1017 neque
1056 938 1164 998 Hiero·

91 1040 212 1104 nymus
239 1024 292 1102 qui
319 1042 472 1085 summum
500 1024 615 1085 honum
644 1024 743 1084 statuit
773 1043 835 1084 non
862 1024 979 1096 dolere,
1007 1023 1163 1100 voluptatis

90 1109 214 1169 nomino
230 1126 364 1187 unquam
394 1110 486 1170 aititur
511 1127 566 1188 pro
591 1110 638 1169 illa
664 1108 832 1181 indolentia,
862 1109 972 1188 quippe
999 1109 1051 1187 qui
1078 1127 1116 1167 ne
1131 1107 1162 1167 in

91 1193 263 1273 expetendis
281 1194 402 1272 quidem
423 1194 513 1254 nebus
532 1202 669 1254 numeret
680 1195 868 1272 voluptatem.
900 1195 981 1255 Duae
999 1201 1069 1253 sunt
1083 1193 1196 1261 enim?

91 1296 140 1341 res
162 1296 292 1358 quoquc,
315 1298 353 1339 ne
370 1288 402 1339 tu
421 1278 510 1339 verba
531 1280 628 1339 solum
645 1287 747 1357 putes3
776 1297 871 1339 unum
900 1286 943 1338 est
968 1279 1031 1338 sine
1060 1278 1162 1337 dolore
1176 1300 1208 1350 20

89 1380 166 1436 osse,
186 1363 311 1424 alterum
329 1382 397 1424 cum
415 1365 578 1443 voluptate3
601 1382 654 1424 vos
673 1382 709 1424 ex
731 1363 776 1424 his
790 1373 848 1425 tam
866 1362 1054 1424 dissimilibus
1072 1361 1162 1422 rebus

92 1464 155 1509 non
173 1447 263 1508 modo
286 1466 398 1509 nomen
417 1467 521 1521 unum,
551 1467 619 1509 nam
645 1448 674 1508 id
703 1449 814 1510 facilius
841 1457 965 1528 paterer,
998 1447 1049 1507 scd
1076 1447 1162 1506 etiam

92 1550 157 1593 rum
177 1550 269 1594 unam
289 1551 326 1594 ex
345 1533 460 1594 duabus
482 1536 578 1595 iacere
600 1534 757 1606 conamini,
783 1535 864 1613 quod
886 1534 949 1593 lieri
970 1533 1051 1592 nullo
1072 1531 1161 1591 modo

92 1625 198 1697 potest.
243 1618 307 1692 llic,
326 1620 378 1697 qui
396 1628 557 1697 utrumque
577 1618 691 1698 probat,
709 1618 853 1680 ambobus
876 1618 978 1679 debuit
1006 1617 1057 1689 uti,
1085 1617 1161 1677 sicut

92 1703 162 1764 lacit
185 1720 228 1775 re,
256 1720 354 1782 neque
374 1712 473 1764 umen
493 1704 594 1764 dividit
613 1703 719 1764 verbis.
767 1704 842 1764 Cum
868 1705 948 1764 enim
974 1721 1039 1763 eam
1068 1703 1162 1780 ipsam

92 1788 282 1866 voluptatem,
310 1806 400 1867 quam
431 1789 536 1849 eodem
564 1789 684 1848 nomine
713 1806 816 1848 omnes
844 1788 1034 1867 appellamus,
1065 1786 1162 1846 laudat

92 1872 164 1933 louis
196 1872 347 1951 plurimis,
377 1874 464 1934 audet
490 1874 601 1946 dicere,
632 1891 670 1932 ne
702 1873 844 1951 suspicari
867 1873 987 1952 quidem
1016 1889 1048 1931 se
1068 1871 1162 1930 ullum

92 1957 208 2017 honum
235 1958 401 2018 seiunctum
429 1958 467 2018 ah
494 1958 543 2018 illo
570 1958 736 2035 Aristippeo
763 1976 868 2036 genere
895 1956 1058 2035 voluptatis,
1075 1963 1162 2033 atque

92 2041 134 2103 ihi
152 2041 211 2102 hoo
228 2042 304 2115 dicit,
325 2042 376 2103 ubi
399 2044 496 2104 omnis
515 2044 578 2103 eius
598 2051 642 2103 est
662 2042 754 2102 oratio
784 2042 820 2103 de
849 2060 967 2103 summo
991 2040 1082 2100 hono.
1128 2041 1162 2100 ln

91 2127 149 2187 alio
167 2144 239 2187 vero
260 2127 344 2201 libro,
366 2128 479 2207 inquo
501 2128 629 2188 breviter
651 2127 862 2205 conprehensis
890 2125 1067 2206 gravissimis
1091 2143 1162 2185 sen-

92 2210 191 2273 tentiis
206 2212 291 2290 quasi
304 2213 421 2273 oracula
436 2213 560 2273 edidisse
576 2212 733 2292 sapientiae
750 2212 864 2287 dicitur,
883 2212 984 2273 scrihit
998 2211 1043 2271 his
1058 2210 1163 2283 verbis,
1241 2222 1245 2237 “

90 2314 169 2377 quas
187 2306 256 2357 nota
276 2296 328 2358 tibi
349 2301 492 2375 prolecto,
507 2299 664 2377 Torquate,
683 2305 767 2358 sunt:
786 2332 828 2341 -
850 2299 916 2377 quis
935 2298 1013 2358 enim
1033 2305 1163 2356 vestrum

95 2398 158 2442 non
179 2381 298 2442 edidicit
314 2383 434 2461 Epicuri
457 2377 572 2464 κυρίας
594 2377 700 2460 δόξας,
720 2382 750 2443 id
772 2391 817 2444 est
835 2384 920 2461 quasi
936 2382 1063 2442 maxime
1078 2389 1164 2452 ratas,

91 2491 482 2634 {thalentorum
504 2500 607 2621 ulu
656 2496 1045 2630 ishlddd⁰fdltl¹ltlt
1060 2496 1165 2614 {llll

94 2636 134 2689 Ti
149 2628 201 2689 οὖν
217 2584 316 2689 nitzdu
338 2585 428 2701 λένζιν
450 2606 607 2707 εὕδαίίιονα
654 2635 720 2685 wird
742 2634 789 2684 mit
806 2603 920 2700 Call’ipno
944 2634 969 2684 in
992 2633 1039 2684 don
1058 2633 1163 2683 meiston

91 2699 605 2778 rhrm'ripem'vrrlsiuvivspyorima
654 2721 677 2755 a.
700 2702 797 2754 Stellen
819 2717 958 2753 zusammen
981 2707 1103 2767 genennt,
1133 2701 1163 2751 ds

91 2772 141 2825 καὶ
169 2776 228 2831 τοῖς
253 2769 330 2833 ἐκτὸς
353 2768 474 2841 ἀγαθοῖς
506 2774 605 2835 ἱκανῶς
655 2788 691 2823 or.
709 2770 728 2834 1,
751 2774 790 2834 11,
808 2774 849 2825 45.

91 2858 229 2913 κεχορηγη
284 2859 331 2926 ρν,
356 2839 396 2910 μὴ
412 2839 462 2895 τὸν
481 2835 604 2911 τυχόντα
690 2843 730 2893 20.
748 2857 778 2890 m
800 2843 920 2901 suspect·
940 2839 997 2902 cot]
1024 2837 1074 2902 vgl.
1098 2853 1120 2887 c.
1140 2838 1162 2901 3,

89 2902 294 3041 'minii‘
310 2910 415 3041 111Ἦοῖ
431 2914 544 3042 11Ϊ18,
564 2980 604 3031 to.
657 2906 903 3041 cacumen}
926 2976 991 3038 auc]
1020 2985 1092 3039 aeque
1120 2972 1166 3023 mn

92 3045 127 3109 V,
149 3047 176 3109 8,
199 3048 241 3099 21.
264 3048 312 3109 25,
338 3048 378 3099 78.
407 3046 485 3097 Acad.
508 3046 543 3110 ll,
562 3049 604 3110 42,
655 3044 818 3108 Nachdrnck3
836 3060 868 3095 an
886 3044 955 3095 einer
972 3042 1165 3105 andornStcllo,

55 3115 154 3171 ..131
188 3112 311 3177 Τωαν,
330 3117 372 3178 30,
391 3117 430 3168 85.
449 3118 491 3177 31,
509 3117 550 3168 87.
574 3115 604 3165 de
656 3128 697 3164 wo
720 3113 790 3163 nicht
811 3114 904 3178 parade
928 3128 986 3163 vom
1004 3112 1165 3162 hiichsten

92 3180 137 3234 off.
152 3180 257 3247 Illas,
277 3185 333 3236 119.
362 3183 438 3234 Clom.
455 3184 495 3234 Al
513 3184 605 3234 Strom.
657 3181 722 3233 Guto
753 3183 906 3250 gosprochon
939 3182 1037 3242 winde,
1073 3180 1167 3229 k'o'nntc

95 3248 128 3313 ΙΙ,
166 3248 253 3305 im:
288 3247 466 3372 Arrvdpuloc
494 3252 525 3305 dt
533 3255 607 3339 (καὶ
656 3267 713 3302 man
732 3249 808 3301 sich’s
825 3253 889 3302 noch
906 3247 1015 3316 gsiallon
1032 3249 1123 3298 lusson.

415 3338 433 3374 ν

92 3322 126 3371 K
203 3320 248 3372 ὅν
278 3321 354 3380 τέλος
392 3337 405 3373 ε
434 3340 464 3373 αι
496 3321 606 3391 ἔφασαν
690 3324 786 3390 κυρίας
803 3313 893 3383 δόξας]
911 3317 961 3382 vgl.
979 3318 1010 3367 do
1030 3322 1080 3364 nat
1098 3315 1166 3364 deor.

93 3388 155 3442 πᾶν
173 3406 190 3440 τ
227 3383 297 3440 καθ’
320 3385 405 3442 αὑτὸν
423 3394 516 3443 ποιεῖν
527 3388 606 3442 ἕνεκα
657 3386 676 3449 l,
696 3389 737 3449 30,
755 3389 796 3441 85.
829 3387 901 3450 lliog.
925 3385 952 3435 L
969 3384 1004 3446 X,
1025 3384 1167 3436 tas-154.

93 3456 147 3509 rori
164 3451 365 3525 ἐπιτυγχάνειν
381 3452 606 3524 ἡδονῆς-κατὰ
656 3454 691 3506 Es
706 3455 764 3507 sind
787 3456 820 3509 43
839 3454 987 3515 Lohrsiitzo,
1015 3468 1065 3501 von
1087 3452 1167 3502 denen

93 3520 128 3577 dt
146 3520 213 3585 roric
228 3526 294 3596 περὶ
318 3527 507 3597 Καλλιφῶντα
527 3524 606 3579 ἕνεκα
658 3525 703 3576 dor
720 3530 810 3575 nouato
822 3523 918 3575 lnutct:
938 3516 1166 3586 Etruscorum&

93 3590 149 3665 μὲν
168 3595 227 3677 ιτῆς
253 3589 356 3660 ἡδονῆς
379 3596 562 3666 παρειςῆλθεν
590 3589 606 3659 ἡ
657 3594 713 3645 τῶν
736 3594 801 3675 περὶ
824 3588 889 3651 τούς
911 3583 1035 3650 ἀσώτους
1058 3586 1167 3655 ἡδονῶν

94 3658 189 3747 ‘Am
202 3656 299 3745 χρῦνῳ
316 3662 347 3715 δὲ
365 3659 481 3746 ῧπξρον
497 3660 531 3745 τυ
543 3664 608 3736 περὶ
658 3661 721 3741 ἔλυε
743 3678 809 3720 τους
832 3653 1008 3778 ρὸβουῇτῆς
1033 3657 1168 3778 diastole&

29 3774 34 3783 ·
95 3730 610 3883 teudemundus}
658 3745 842 3850 aaran
860 3745 1051 3860 statutt
1078 3730 1168 3846 νυ

95 3866 149 3987 ἆρα
171 3868 193 3933 ”,
208 3881 356 3938 παρεσχεν.
376 3866 608 3921 Uohordiellorm:
659 3868 746 3933 πέρας
762 3866 817 3918 τῶν
848 3865 997 3936 πιθυμιῶν
1015 3861 1171 3921 ἐδίδασκεν,

134 3972 141 3986 .
195 3936 246 3990 205
263 3934 293 3986 A
313 3939 337 3999 2,
356 3938 380 3988 2.
660 3929 711 3986 cix
727 3927 762 3986 riv
779 3951 849 3988 ποτε
866 3926 1171 4004 εἴχομενότιμεμψαί-
