2632 4516
504 979 634 1061 tlssltlt
658 978 825 1062 PRIMUS.

571 1187 777 1197 --.----.--

106 1317 124 1380 1
162 1354 166 1362 ·
234 1301 303 1383 Non
331 1340 410 1383 eram
438 1320 569 1394 nescius,
593 1321 696 1395 Brute,
726 1339 810 1394 cum,
832 1339 906 1401 quae
926 1320 1048 1383 summis
1066 1320 1192 1400 ingeniis

112 1408 337 1488 texquisitaque
358 1407 488 1467 doctrina
508 1406 673 1484 philosophi
694 1406 803 1466 Graeco
826 1425 961 1467 sermone
982 1406 1191 1481 tractavissent,

138 1512 171 1555 ea
191 1493 300 1554 Latinis
328 1492 427 1552 litteris
453 1492 666 1564 mandaremus,
695 1493 759 1551 sore
787 1500 820 1552 ut
847 1492 894 1552 hic
920 1498 1019 1552 noster
1046 1490 1129 1550 labor
1156 1491 1188 1552 in

137 1578 230 1640 varias
261 1576 503 1654 reprehensiones
541 1576 711 1636 incurreret„
755 1576 828 1636 Nam
864 1575 1054 1656 quibusdam,
1089 1584 1117 1636 et
1151 1576 1189 1637 iis

137 1662 255 1742 quidem
283 1679 345 1722 non
376 1661 533 1721 admodum
561 1661 701 1733 indoctis,
728 1667 823 1722 totum
851 1662 908 1721 hoc
936 1660 1066 1737 displicet
1089 1660 1187 1738 philo-

136 1748 262 1826 sophan'.
287 1746 410 1820 Quidam
431 1754 528 1807 autem
547 1764 609 1805 non
624 1754 682 1806 tam
702 1744 732 1806 id
752 1746 978 1825 reprehendunt,
992 1745 1017 1806 si
1035 1745 1188 1808 remissius

135 1840 243 1912 agatur,
259 1831 310 1892 sed
326 1839 439 1893 tautum
459 1831 587 1892 studium
607 1839 723 1910 tamque
742 1832 862 1891 multam
882 1849 1000 1908 operam
1020 1832 1186 1908 ponendam

133 1917 166 1978 in
194 1935 228 1977 eo
258 1934 319 1977 non
347 1916 532 1977 arbitrantur.
572 1916 667 1976 Erunt
694 1916 794 1988 etiam,
822 1924 850 1977 et
876 1916 907 1975 hi
934 1915 1051 1993 quidem
1081 1916 1186 1978 eruditi

135 2001 249 2064 Graecis
269 2001 378 2074 litteris,
396 2008 614 2061 contemnentes
635 2000 758 2073 Latinas,
779 2001 880 2078 quise
901 2000 997 2060 dicant
1016 2001 1047 2060 in
1069 2001 1186 2063 Graecis

132 2086 261 2164 legendis
282 2103 401 2162 operam
423 2085 506 2145 malle
529 2102 710 2145 consumere.
752 2085 904 2144 Postremo
930 2084 1041 2164 aliquos
1068 2088 1184 2148 futuros

134 2171 276 2248 suspicor,
295 2169 346 2247 qui
365 2187 412 2229 me
427 2169 466 2232 ad
487 2169 555 2229 alias
576 2169 683 2230 litteras
704 2176 817 2241 vocent,
839 2188 930 2248 genus
952 2170 1009 2231 hoc
1030 2171 1185 2246 scribendi,

105 2266 121 2316 2
134 2254 187 2317 etsi
199 2255 236 2316 sit
248 2254 371 2332 elegans,
384 2272 526 2331 personae
541 2262 637 2315 tamen
657 2263 685 2315 et
702 2253 844 2332 dignitatis
860 2274 923 2316 esse
942 2264 1055 2334 negent.
1076 2256 1184 2319 Contra

133 2357 209 2419 quos
238 2341 333 2400 omnis
362 2338 518 2399 dicendum
552 2338 677 2399 breviter
706 2339 854 2412 existim03
890 2358 1057 2420 quanquam
1086 2343 1183 2421 philo-

164 2492 220 2553 σῳ,
238 2491 315 2542 1-1V.
349 2489 435 2540 Cicero
458 2489 552 2556 spricht
569 2490 631 2540 iiber
679 2492 740 2541 tetis
762 2507 810 2540 non
832 2492 870 2542 ita
886 2492 999 2542 decoram
1019 2499 1111 2559 putent.
1146 2495 1183 2547 De

130 2559 186 2609 vier
207 2559 286 2610 Arten
309 2559 352 2610 des
374 2557 478 2621 Tadels,
501 2559 555 2608 dem
576 2559 630 2610 scin
680 2566 730 2610 nat.
749 2560 814 2610 deor.
832 2560 851 2624 l,
869 2563 894 2624 2,
912 2564 935 2613 5.

129 2626 196 2678 Buch
218 2633 359 2691 ausgcsetzt
379 2626 433 2678 sein
458 2628 553 2678 mdchte
581 2627 630 2678 und
716 2631 736 2681 1.
754 2633 838 2680 Totum
854 2632 937 2679 loc-
943 2630 1113 2693 philosophare]
1129 2633 1180 2697 vgl.

129 2695 262 2760 widerlegt
284 2696 323 2746 die
345 2695 449 2759 Tadler,
476 2697 526 2746 und
547 2712 629 2747 zwar:
679 2697 709 2746 de
728 2696 1071 2760 or.lt,1o,39:hoct0tum
1088 2700 1180 2752 diserte

133 2766 154 2817 1.
171 2763 318 2828 dicjenigen,
336 2765 430 2815 welche
447 2780 496 2813 von
513 2766 556 2814 der
569 2764 628 2815 Phi·
678 2766 767 2817 dicere.
790 2765 834 2817 tir.
851 2765 868 2831 ᾖ
883 2769 939 2819 474.

128 2830 239 2897 losophie
265 2833 402 2899 iiberhaupt
429 2832 510 2882 nichts
538 2833 629 2885 wissen
712 2852 760 2885 non
773 2845 821 2885 tam
837 2839 864 2884 id
878 2835 1058 2896 reprehendunt]
1076 2835 1121 2896 tid:
1139 2837 1179 2887 die

128 2899 219 2950 wollcn
234 2897 258 2963 (ξ
271 2901 315 2963 2.);
333 2904 355 2952 2.
371 2899 517 2964 diejcnigen,
534 2902 629 2952 welche
678 2902 868 2966 Beschiiltigung
891 2902 936 2950 mit
953 2904 997 2951 der
1014 2900 1180 2968 Philosophie)

128 2967 182 3018 ilem
205 2967 315 3018 Studium
337 2969 381 3018 der
404 2967 559 3033 Philosophie
582 2986 630 3020 nur
678 2969 777 3020 woraul
790 2971 816 3018 in
834 2970 1016 3033 gewithnlicher
1030 2969 1114 3020 Weise
1129 2970 1179 3021 lol-

128 3035 183 3087 eine
204 3037 409 3099 untergeordnete
428 3036 506 3085 Stelle
528 3036 628 3086 eimtu-
678 3052 723 3100 gen
741 3039 837 3086 wiirde:
860 3054 930 3101 quom
948 3046 1038 3087 tantem
1057 3039 1177 3103 (nimium)

127 3118 182 3154 men
192 3101 216 3168 (5
226 3107 241 3155 2
250 3121 274 3153 u.
284 3105 329 3166 3-l3
344 3106 366 3156 3.
375 3103 520 3167 diejeuigen,
533 3104 627 3156 welche
676 3109 780 3156 medium
797 3110 824 3155 in
836 3107 987 3166 philosophia
997 3111 1109 3166 potitore.
1128 3110 1179 3173 vgl.

126 3172 181 3223 sich
197 3189 243 3222 nur
259 3168 300 3223 tiir
319 3172 472 3236 griechische
489 3170 628 3224 Litteratur
677 3173 707 3222 dc
729 3173 793 3236 legg.
817 3172 835 3234 Ι,
862 3175 900 3233 14,
922 3176 968 3225 40:
993 3189 1084 3238 poenas
1107 3176 1179 3228 luunt

126 3240 286 3291 interessiren
301 3239 326 3305 (ξ
337 3242 431 3302 luuh
446 3242 469 3292 4.
478 3238 626 3304 diejenigen,
676 3257 724 3290 non
741 3246 792 3290 tam
808 3240 904 3290 iudiciis
919 3268 951 3276 -
965 3243 1008 3291 sed
1021 3257 1063 3292 eos
1080 3245 1178 3309 agitant

126 3308 220 3359 welche
237 3309 340 3371 meineri,
359 3324 384 3359 cs
398 3308 436 3359 sei
449 3306 490 3357 hir
501 3308 572 3359 einen
584 3312 626 3358 rh'-
675 3308 874 3374 insectanturque
904 3306 998 3374 iuriae3
1032 3311 1081 3363 wie
1112 3313 1178 3377 Jetzt

125 3377 234 3428 mischen
251 3377 407 3427 Staatsmonn
424 3376 496 3427 keine
513 3377 626 3441 wiirdige
675 3377 766 3442 richtig
783 3378 882 3441 gelescn
899 3377 970 3428 wird.

126 3443 625 3511 Beschiiltigimg,philosophischeSchril'-
708 3448 837 3509 remissius}
854 3445 905 3510 vgl.
922 3444 939 3511 ᾗ
957 3449 986 3499 2:
1003 3449 1160 3502 moderatius.

125 3512 323 3564 tonubzufussen
338 3512 363 3579 (ᾗ
376 3513 625 3577 11.12.).vgl.Acm
708 3532 757 3565 non
777 3517 934 3577 arbitrantur]
956 3515 1007 3581 vgl.
1033 3517 1063 3566 de
1089 3518 1129 3568 oll'.
1155 3519 1176 3584 l,

125 3578 157 3645 il,
173 3583 198 3644 2,
217 3584 246 3645 53
268 3581 330 3632 Sunt
354 3582 438 3644 multi,
464 3581 506 3647 qui
528 3582 625 3633 omniuo
677 3585 715 3648 13,
726 3586 770 3636 39:
784 3584 895 3650 captivos
906 3584 1076 3635 reddendosin
1088 3596 1176 3639 senatu

126 3646 234 3701 Graecas
251 3665 299 3698 non
315 3657 397 3700 ament
413 3651 519 3711 litteras,
534 3651 624 3716 plures,
674 3668 723 3701 non
740 3653 841 3703 censuit.

125 3717 167 3783 qui
182 3717 366 3784 philosophiam,
381 3718 476 3784 reliqui,
491 3719 533 3784 qui
549 3719 624 3769 ctiam
708 3723 731 3772 2.
751 3723 894 3786 quanquam]
910 3721 1115 3788 Einschriinkung
1132 3725 1175 3775 dee

124 3784 217 3837 silteec
227 3802 275 3835 non
288 3786 431 3866 improbent,
446 3794 529 3838 temen
540 3803 624 3838 eurum
674 3799 755 3840 contra
771 3807 829 3854 quoe
845 3808 957 3854 omnes,
978 3791 1102 3855 ,‚indess“.
1129 3790 1174 3843 ltr.

124 3855 624 3923 mmmdisputatrouemprincipihuscivi·
675 3855 692 3923 ᾖ
709 3859 767 3922 606,
783 3857 813 3909 t.
830 3860 854 3911 2.
872 3858 922 3910 tui.
938 3874 960 3926 p.
978 3862 1035 3912 tot.
